4942 6359
2164 603 2251 667 IX

570 804 754 850 sacro
798 782 1161 847 lectisternii
1215 782 1458 846 mentio
1518 783 1584 846 in
1638 781 1818 847 fastis
1861 781 2292 848 Praenestinis
2315 781 2363 864 ⁷)
2423 787 2491 847 et
2545 783 2720 865 apud
2762 782 3124 848 Arnobium
3167 783 3275 847 VH
3316 784 3396 849 32
3439 784 3609 850 facta
3651 787 3864 867 graeci

567 891 725 955 ritus
764 889 1070 954 indicium
1112 893 1225 966 est,
1270 892 1489 953 tamen
1532 888 1670 970 ipsa
1706 888 1973 953 dearum
2018 890 2379 955 coniunctio
2418 890 2506 955 ad
2551 894 2831 954 veterem
2852 890 3297 955 Romanorum
3338 892 3855 974 superstitionem

566 997 721 1080 quin
762 995 984 1060 redeat
1024 994 1408 1060 dubitationi
1443 999 1813 1077 exemptum
1842 995 2109 1060 videtur.
2197 996 2328 1060 iam
2361 997 2674 1061 concedes
2718 997 2946 1079 opinor
2986 1017 3069 1062 ne
3097 998 3301 1080 Aprili
3331 999 3593 1081 quidem
3632 1019 3852 1064 mense

565 1123 721 1168 casu
762 1104 1004 1167 factum
1046 1121 1201 1179 esse,
1245 1105 1317 1165 ut
1357 1100 1628 1166 Telluris
1655 1100 2027 1184 Cererisque
2069 1102 2203 1167 dies
2244 1103 2384 1167 festi
2430 1103 2656 1167 eodem
2699 1104 2906 1185 spatio
2952 1103 3352 1183 dirimantur,
3400 1124 3530 1187 quo
3563 1105 3856 1188 Augusto

564 1215 630 1275 et
671 1209 1008 1274 Decembri
1046 1207 1236 1272 Consi
1283 1206 1565 1290 Opisque
1606 1208 1945 1273 numinum
1986 1210 2375 1274 sociatorum
2417 1209 2632 1275 feriae.

759 1317 896 1380 Iam
935 1319 1007 1379 ut
1047 1314 1132 1378 ad
1174 1314 1446 1379 alterum
1476 1314 1839 1397 exemplum
1873 1335 2158 1398 pergam,
2203 1317 2367 1381 inter
2407 1316 2597 1381 ferias
2621 1316 2851 1380 Martio
2885 1335 3105 1380 mense
3135 1316 3257 1380 deo
3287 1317 3473 1381 Marti
3507 1317 3862 1382 celebratas

567 1422 870 1487 excellere
914 1424 1134 1485 notum
1180 1425 1277 1485 est
1319 1421 1882 1504 Quinquatrus
1923 1422 2106 1487 Mart.
2159 1424 2234 1487 19
2289 1427 2350 1487 et
2406 1422 3012 1487 Tubilustrium
3057 1422 3241 1487 Mart.
3289 1423 3401 1487 23:
3465 1443 3617 1488 nam
3662 1423 3863 1502 Quin-

567 1531 853 1611 quatruS,
893 1549 1060 1611 quae
1101 1532 1325 1610 postea
1366 1532 1627 1611 propter
1668 1529 1895 1593 aedem
1934 1530 2258 1594 Minervae
2292 1529 2413 1594 hoc
2456 1530 2558 1593 die
2600 1530 2666 1593 in
2695 1529 3015 1594 Aventino
3057 1529 3422 1594 dedicatam
3467 1530 3655 1594 huius
3696 1531 3855 1594 deae

566 1657 702 1701 esse
752 1636 1164 1720 putabantur,
1208 1635 1464 1717 proprie
1505 1634 1726 1699 Martis
1766 1635 1956 1699 ferias
1994 1636 2186 1700 fuisse
2226 1639 2398 1700 recte
2438 1637 2870 1701 Mommsenus
2918 1635 3011 1717 (C.
3055 1637 3101 1699 Ι.
3149 1636 3215 1700 L.
3247 1637 3274 1700 l
3316 1656 3378 1718 p.
3408 1635 3556 1718 389)
3603 1640 3859 1717 praeter

566 1744 692 1809 alia
733 1743 980 1824 collegit
1023 1762 1101 1807 ex
1142 1743 1303 1807 falso
1349 1743 1620 1807 Charisii
1660 1763 1724 1825 p.
1770 1745 1844 1808 81
1898 1743 2276 1825 veriloqui03
2338 1744 2445 1825 qui
2492 1763 2640 1809 cum
2681 1742 3201 1825 Quinquatruum
3261 1762 3495 1807 nornen
3542 1763 3582 1807 a
3628 1743 3858 1807 ficticio

567 1852 780 1934 aliquo
822 1849 1020 1913 verbo
1065 1849 1465 1932 quinquandi
1509 1850 1632 1914 hoc
1671 1854 1768 1914 est
1822 1850 2135 1914 lustrandi
2177 1850 2488 1929 deducat,
2547 1850 2647 1914 his
2687 1849 2856 1914 seriis
2900 1849 3336 1914 lustrationem
3380 1868 3712 1914 armorum
3753 1849 3858 1931 agi

564 1957 817 2022 solitam
859 1956 1051 2021 fuisse
1089 1960 1391 2038 apparet,
1437 1976 1715 2039 quocum
1760 1958 2074 2022 consentit
2113 1957 2287 2039 quod
2326 1957 2554 2021 eodem
2597 1956 2699 2020 die
2741 1956 2944 2021 Salios
2983 1956 3204 2021 Martis
3250 1956 3613 2020 sacerdotes
3655 1955 3858 2037 tripu-

564 2063 837 2129 diavisse
908 2063 1220 2127 fastorum
1278 2063 1839 2129 Praenestinorum
1905 2065 2171 2147 aliisque
2238 2064 2615 2129 testimoniis
2676 2068 2952 2141 constet;
3029 2063 3398 2128 Tubilustrii
3470 2082 3626 2127 vero
3684 2062 3856 2126 diem

563 2171 797 2234 festum
835 2170 1024 2234 Marti
1067 2189 1321 2235 sacrum
1364 2170 1554 2233 fuisse
1597 2175 1663 2234 et
1701 2171 1892 2235 iidem
1939 2172 2083 2235 fasti
2125 2176 2189 2236 et
2226 2171 2609 2236 Laurentius
2643 2170 2857 2253 Lydus
2901 2170 2982 2234 de
3022 2189 3224 2234 mens.
3271 2169 3353 2233 IV
3385 2169 3469 2233 42
3513 2171 3851 2233 testantur.

567 2277 970 2341 celebrantur
1041 2277 1233 2357 igitur
1299 2275 1760 2340 Tubilustrium
1833 2277 2027 2342 seriae
2097 2279 2363 2343 Martiae
2432 2282 2580 2360 post
2650 2277 2821 2341 diem
2890 2276 3186 2359 quintum
3275 2275 3717 2358 Quinquatrus
3794 2280 3858 2340 et

566 2385 737 2467 ipsas
806 2383 996 2447 ferias
1064 2383 1355 2458 Martias3
1437 2383 1551 2447 sed
1627 2383 1822 2447 etiam
1896 2384 2007 2467 qui
2079 2385 2213 2450 dies
2285 2389 2380 2449 est
2451 2387 2638 2448 ante
2707 2383 3003 2466 quintum
3064 2382 3503 2465 Quinquatrus
3524 2431 3540 2460 ,
3621 2382 3686 2446 id
3762 2386 3859 2447 est

565 2492 709 2556 idus
769 2488 1061 2567 MartiaS,
1135 2490 1487 2572 antiquitus
1557 2489 1766 2555 eidem
1844 2490 1965 2556 deo
2047 2496 2332 2556 sacratas
2408 2491 2602 2555 fuisse
2675 2508 3052 2572 persuasum
3130 2487 3360 2553 habeo.
3466 2507 3622 2552 nam
3682 2489 3858 2571 quod

566 2598 964 2681 Equirria,
1044 2597 1276 2679 quibus
1352 2598 1417 2661 in
1497 2598 1807 2662 honorem
1872 2598 2092 2662 Martis
2163 2599 2247 2662 ad
2317 2618 2500 2663 aram
2572 2596 2673 2660 dei
2754 2596 2818 2660 in
2888 2614 3119 2677 campo
3182 2595 3373 2659 sitam
3452 2595 3608 2677 equi
3699 2613 3856 2657 cur·

565 2705 825 2783 rebant,
882 2704 1234 2769 secundum
1278 2704 1644 2770 calendaria
1697 2706 1941 2771 fiebant
1996 2705 2199 2788 pridie
2243 2705 2385 2769 idus
2439 2706 2479 2769 i.
2526 2724 2578 2768 e.
2624 2704 2807 2768 Mart.
2855 2703 2963 2780 14,
3023 2703 3152 2765 iam
3193 2701 3630 2765 Mommsenus
3687 2698 3750 2781 (l.
3799 2721 3851 2765 c.

565 2833 628 2894 p.
673 2812 811 2876 366.
861 2808 1007 2891 388)
1051 2811 1301 2875 monuit
1342 2816 1597 2893 praeter
1636 2812 1941 2877 feriarum
1994 2812 2520 2877 consuetudinem
2564 2811 2706 2894 pari
2745 2810 2981 2874 mensis
3020 2809 3123 2872 die
3164 2806 3488 2871 celebrari.
3572 2807 3685 2871 sed
3731 2806 3854 2871 hoc

564 2939 599 2983 e
640 2919 988 3002 posteriore
1034 2918 1291 2982 demum
1348 2920 1703 2983 mutatione
1750 2923 1963 2984 ortum
2019 2939 2154 2984 esse
2204 2923 2270 2984 et
2310 2919 2605 3001 Equirria
2657 2916 2951 3000 primitus
3008 2916 3073 2978 in
3130 2915 3299 2996 ipsas
3355 2913 3498 2977 idus
3560 2914 3856 2980 incidisse

562 3026 719 3089 mihi
764 3045 799 3089 e
840 3007 1141 3089 feriarum
1183 3045 1349 3109 quae
1389 3045 1609 3091 mense
1648 3025 1911 3090 Octobri
1949 3029 2228 3108 aguntur
2261 3026 2742 3107 comparatione
2775 3023 3022 3087 elucere
3064 3021 3334 3086 videtur.
3421 3020 3656 3085 etenim
3698 3041 3847 3085 cum

563 3132 932 3198 Joachimus
973 3133 1348 3215 Marquardt
1388 3137 1559 3197 recte
1599 3134 1828 3198 viderit
1869 3133 2309 3217 Quinquatrus
2346 3134 2532 3197 Mart.
2579 3134 2656 3196 19
2700 3135 2764 3195 et
2805 3128 3282 3194 Armilustrium
3326 3127 3465 3192 Oct.
3514 3128 3590 3192 19
3639 3132 3848 3192 utras-

564 3258 690 3320 que
735 3259 1062 3303 armorum
1108 3240 1584 3304 lustrandorum
1627 3240 1815 3304 ferias
1871 3240 1961 3304 ita
2003 3241 2166 3305 inter
2202 3261 2270 3306 se
2318 3240 2692 3317 cohaerere,
2753 3241 2824 3302 ut
2869 3236 3086 3301 alteris
3128 3239 3278 3299 ante
3327 3219 3579 3298 'bellum
3625 3234 3851 3299 initum

566 3346 779 3410 alteris
818 3350 963 3427 post
1005 3346 1468 3427 expeditionem
1516 3348 1764 3412 finitam
1807 3368 1992 3412 arma
2029 3347 2213 3411 Marti
2256 3350 2695 3423 sacrarentur,
2752 3363 2942 3407 nemo
2979 3342 3153 3424 quod
3195 3341 3390 3405 sciam
3447 3341 3603 3405 satis
3646 3341 3853 3405 anim-

566 3453 841 3517 advertit
880 3452 1107 3516 eadem
1151 3454 1395 3517 ratione
1436 3455 1740 3536 Equirriis
1786 3456 2000 3519 medio
2042 3455 2269 3519 Martio
2308 3472 2529 3518 mense
2570 3452 2728 3516 actis
2781 3448 3165 3531 respondere
3207 3447 3415 3511 idibus
3466 3445 3851 3512 Octobribus

565 3560 903 3642 antiquum
941 3559 1339 3636 sacrificium,
1384 3580 1512 3642 quo
1556 3580 1810 3642 equus
1856 3561 2213 3626 October
2242 3561 2427 3624 Marti
2450 3558 2925 3624 immolabatur.
3013 3559 3358 3636 utrumque
3387 3553 3559 3618 enim
3594 3574 3846 3618 sacrum

561 3666 751 3730 Marti
793 3666 1074 3744 dicatur,
1121 3670 1464 3748 utrumque
1506 3667 1577 3731 fit
1620 3668 1686 3731 in
1729 3688 1959 3750 campo
2001 3668 2087 3732 ad
2126 3671 2407 3731 veterem
2449 3686 2632 3730 aram
2676 3664 2928 3740 MartiS,
2970 3665 3246 3743 utroque
3286 3660 3432 3742 equi
3481 3660 3849 3725 discurrunt

565 3774 855 3837 curribus
896 3774 1124 3848 iuncti;
1189 3793 1319 3836 una
1379 3793 1447 3837 re
1505 3774 1834 3850 differunt,
1892 3775 2066 3857 quod
2126 3794 2344 3838 mense
2388 3772 2648 3837 Octobri
2707 3791 2910 3854 equus
2968 3769 3157 3850 bigae
3201 3766 3475 3830 victricis
3532 3766 3847 3830 dexterior

562 3879 749 3944 Marti
806 3880 1172 3944 immolatur
1225 3882 1490 3944 servatis
1544 3881 1766 3963 priscis
1822 3881 2271 3946 lustrationum
2327 3879 2759 3956 caerimoniiS,
2830 3877 2911 3941 de
2979 3875 3213 3958 quibus
3273 3876 3528 3955 praeter
3587 3873 3844 3937 Festum

562 4006 625 4067 p.
677 3987 792 4049 178
837 3986 1171 4050 adeundus
1212 3991 1308 4050 est
1346 3986 1659 4052 Prellerus
1701 3988 1901 4071 myth.
1944 3989 2133 4053 Rom.
2178 3990 2203 4052 Ι
2244 4009 2307 4071 p.
2353 3988 2474 4052 366
2516 4006 2609 4068 sq.
2671 3985 2775 4049 hic
2821 4001 2968 4048 curn
3026 3981 3345 4063 plerisque
3386 3979 3843 4043 recentioribus

565 4089 667 4170 (cf.
714 4092 1002 4174 inprimis
1043 4093 1202 4157 Guil.
1247 4093 1639 4158 Mannhardt
1684 4094 1949 4176 Mythol.
1995 4095 2257 4160 Forsch.
2318 4116 2378 4177 p.
2428 4095 2547 4158 156
2587 4091 2753 4175 sqq.)
2818 4091 2880 4153 in
2925 4108 3000 4152 eo
3053 4087 3321 4164 erravit,
3360 4084 3536 4168 quod
3576 4086 3847 4149 Martem

568 4201 842 4261 veterem
902 4203 1109 4262 terrae
1166 4219 1596 4283 agrorumque
1652 4200 1843 4265 deum
1905 4202 2251 4267 arbitratus
2311 4202 2435 4265 hoc
2492 4198 2872 4264 sacrificium
2933 4197 3004 4260 ob
3054 4195 3317 4279 fraqam
3376 4198 3652 4257 eventum
3709 4191 3842 4256 fieri

757 4393 809 4448 7)
849 4392 1213 4448 Mommsenus
1250 4396 1327 4459 (C.
1367 4394 1406 4448 I.
1448 4395 1501 4448 L.
1543 4396 1565 4448 Ι
1606 4414 1655 4464 p.
1696 4396 1819 4466 408)
1869 4395 2137 4451 fastorum
2174 4394 2650 4451 Praenestinorum
2702 4391 3020 4460 fragmenta
3068 4387 3151 4441 ita
3197 4386 3504 4456 supplevit,
3554 4391 3620 4439 ut
3657 4401 3732 4439 ae
3752 4385 3843 4439 di-

560 4475 720 4528 lium
760 4479 1091 4533 mentionem
1120 4479 1344 4534 infuisse
1376 4486 1630 4544 sumeret,
1669 4498 1969 4550 provocans
2006 4482 2076 4536 ad
2097 4480 2474 4536 testimonium
2495 4478 2823 4533 Tertulliani
2861 4476 2928 4531 de
2957 4474 3088 4529 idol.
3106 4475 3171 4528 10
3199 4473 3519 4543 flaminicae
3554 4479 3605 4527 et
3639 4473 3843 4527 aediles

557 4562 873 4630 sacrificant
913 4564 1135 4632 Cereri3'
1158 4567 1344 4620 schola
1380 4567 1685 4621 honoratur
1711 4570 1880 4636 seriis
1911 4569 2011 4638 (sic
2036 4567 2320 4636 Gelenius;
2352 4582 2448 4636 pro
2482 4565 2663 4621 Cereri
2694 4564 2878 4618 schola
2913 4561 2971 4615 in
3004 4558 3361 4629 Agobardino
3400 4556 3605 4627 legitur
3642 4559 3843 4612 creatis

560 4648 721 4711 coza).
793 4650 938 4716 quod
974 4668 1162 4705 vereor
1210 4657 1275 4706 ut
1324 4659 1472 4706 recte
1520 4654 1629 4708 huc
1676 4654 1988 4719 rettulerit;
2049 4672 2176 4708 nam
2222 4654 2404 4707 idibus
2452 4648 2839 4705 Decembribus
2890 4645 3189 4715 discipulos
3241 4644 3464 4697 feriatos
3512 4642 3681 4696 fuisse
3733 4659 3841 4695 non

560 4735 735 4801 magis
772 4753 999 4803 usquam
1038 4739 1305 4804 traditur,
1344 4757 1509 4808 quum
1549 4740 1651 4795 hoc
1686 4741 1774 4795 die
1812 4740 2143 4794 flaminicam
2178 4742 2237 4794 et
2274 4738 2480 4792 aediles
2517 4734 2859 4790 sacrificasse.
2938 4735 3134 4786 contra
3171 4729 3372 4783 scimus
3409 4727 3661 4783 omnibus
3698 4745 3840 4780 nun-

558 4815 701 4867 dinis
738 4816 1065 4875 flaminicam
1106 4823 1160 4876 in
1199 4824 1353 4893 regia
1383 4824 1501 4879 Iovi
1539 4826 1767 4880 arietem
1803 4825 2114 4879 immolasse
2141 4824 2330 4892 (Macr.
2362 4823 2387 4876 Ι
2422 4824 2506 4885 16,
2524 4821 2611 4891 30)
2648 4825 2706 4875 et
2740 4818 3005 4873 nundinis
3038 4816 3337 4886 magistros
3375 4813 3533 4868 ludos
3573 4812 3838 4867 dimisisse

559 4905 753 4955 auctor
789 4911 870 4957 est
907 4906 1080 4962 Varro
1118 4915 1238 4976 (sat.
1282 4912 1519 4981 Menipp.
1555 4913 1621 4966 fr.
1658 4913 1761 4966 279
1801 4912 2046 4979 Buech.):
2094 4911 2285 4978 itaque
2325 4910 2394 4962 ad
2426 4907 2780 4962 nundinas
2811 4906 2902 4960 hic
2941 4903 3092 4958 locus
3129 4901 3453 4956 referendus
3488 4898 3720 4962 videtur,
3772 4916 3838 4952 ex

560 5003 669 5053 quo
704 4988 760 5041 id
798 4989 1046 5062 discitur,
1092 4997 1258 5050 etiam
1299 4997 1500 5052 aediles
1536 4998 1796 5052 nundinis
1832 4997 2177 5052 sacrificasse.
2248 4995 2499 5063 sequitur
2535 4997 2598 5047 ut
2632 5009 2810 5061 neque
2846 4990 3106 5047 Gelenius
3144 5003 3323 5056 neque
3362 4983 3840 5039 Reifferscheidius

558 5071 677 5139 (qui
714 5073 853 5144 legit
888 5079 1090 5135 aeda'les
1118 5085 1433 5143 sacrificant
1467 5087 1665 5154 creati)
1701 5084 2030 5140 Tertulliani
2070 5084 2236 5138 verba
2271 5086 2420 5137 recte
2456 5079 2824 5145 restituerint;
2865 5094 2968 5148 ego
3005 5078 3137 5147 quid
3181 5075 3354 5131 subsit
3394 5087 3504 5126 non
3539 5071 3801 5141 expiscor.

3394 5164 3428 5217 2
