4942 6359
2181 604 2298 671 XV

591 789 800 856 Ovidii
840 788 1184 854 auctoritas
1243 785 1398 850 satis
1437 784 1694 849 infirma
1740 789 1862 863 est,
1921 785 2012 849 ita
2059 804 2284 849 vereor
2336 787 2411 848 ut
2461 788 2634 849 recte
2690 784 3124 848 Mommsenus
3163 781 3285 846 illis
3336 781 3647 846 fastorum
3688 778 3886 844 inter·

589 895 1005 979 pretamentis
1021 943 1036 971 ‚
1102 892 1334 974 quibus
1395 891 1700 956 feriarum
1765 891 2132 956 nominibus
2199 890 2299 956 dei
2363 891 2666 955 celebrati
2734 890 2975 955 mentio
3056 889 3316 954 additur
3333 939 3348 967 ‚
3432 906 3755 952 summam
3821 890 3886 951 et

588 1005 970 1067 vetustatem
1013 1003 1076 1064 et
1118 999 1315 1063 fidem
1357 999 1650 1064 tribuerit
1672 997 1748 1080 ¹⁶)
1768 1048 1783 1077 ,
1827 1018 1976 1062 cum
2017 998 2229 1080 potius
2272 1018 2307 1063 e
2350 996 2644 1061 doctrina
2689 1015 2909 1061 eorum
2925 1046 2939 1075 ,
2987 996 3098 1079 qui
3140 995 3220 1060 de
3255 995 3433 1060 fastis
3472 993 3885 1059 commentati

590 1113 765 1186 sunt,
824 1107 1114 1190 profecta
1155 1125 1555 1188 quamquam
1598 1124 1791 1187 saepe
1832 1104 2286 1187 pretiosissima
2327 1107 2478 1168 sunt
2499 1102 2573 1186 1θ)
2594 1153 2609 1181 ,
2669 1106 2893 1167 tamen
2935 1121 3428 1185 nonnumquam
3469 1121 3694 1166 verum
3752 1120 3884 1166 non

587 1214 893 1279 adsecuta
937 1232 1075 1277 esse
1127 1212 1484 1276 videantur.
1568 1211 1938 1276 Tubilustrii
1990 1230 2144 1275 vero
2188 1210 2358 1275 Maio
2400 1228 2621 1275 mense
2683 1208 2809 1274 acti
2880 1209 3368 1291 explicationem
3424 1208 3698 1290 disiungi
3752 1227 3885 1272 non

584 1339 771 1402 posse
809 1339 850 1384 a
890 1319 1101 1401 priore
1146 1318 1536 1383 Tubilustrio
1582 1317 1791 1399 (Mart.
1837 1315 1943 1398 23)
1989 1337 2119 1381 non
2163 1316 2369 1381 solum
2401 1336 2437 1381 e
2470 1316 2810 1381 nominum
2849 1321 3163 1381 concentu
3196 1319 3374 1398 patet
3409 1351 3489 1359 —
3523 1315 3678 1380 satis
3711 1315 3884 1379 enim

587 1427 942 1492 absurdum
1001 1428 1165 1490 esset
1225 1425 1498 1490 duorum
1560 1425 1809 1489 dierum
1869 1424 2097 1489 eodem
2158 1423 2417 1488 nomine
2480 1424 2876 1505 signatorum
2904 1423 2979 1504 ¹⁵¹)
3046 1423 3321 1489 alterum
3373 1422 3563 1487 Marti
3612 1422 3880 1487 alterum

586 1532 870 1597 Volcano
901 1531 1209 1597 celebrari
1237 1531 1641 1626 duorumque
1660 1530 2195 1595 Tubilustriorum
2225 1529 2418 1594 aliam
2454 1550 2590 1594 esse
2623 1531 2938 1595 rationem
2968 1534 3163 1612 atque
3194 1530 3470 1594 duorum
3500 1528 3882 1611 Equirrium,

590 1638 940 1716 Vinalium,
996 1637 1409 1703 Consualium
1447 1672 1527 1682 —
1569 1638 1682 1702 sed
1717 1639 2000 1702 maxime
2044 1637 2225 1716 inde,
2284 1637 2460 1720 quod
2503 1637 2839 1719 utriusque
2883 1637 3006 1701 diei
3045 1637 3427 1702 sacrificium
3483 1636 3654 1700 idem
3695 1635 3886 1699 fuisse

589 1748 857 1810 testatus
900 1748 995 1808 est
1037 1743 1293 1808 Verrius
1334 1743 1600 1808 Flaccus
1646 1744 1850 1825 (Paul.
1894 1764 1956 1826 p.
2000 1745 2120 1809 353
2179 1745 2549 1810 tubilustria
2608 1745 2748 1808 dies
2815 1744 3251 1829 appellabant,
3312 1744 3384 1807 in
3430 1743 3658 1824 quibus
3718 1763 3889 1826 aqna

589 1853 770 1917 tubas
812 1849 1196 1932 lustrabant)
1257 1854 1323 1915 et
1381 1855 1726 1933 utrumque
1782 1851 2070 1933 sequitur
2113 1851 2247 1914 dies
2304 1854 2458 1915 nota
2506 1848 2577 1934 Q-
2599 1847 2678 1915 R·
2700 1849 2769 1916 G·
2789 1847 2844 1915 li·
2890 1851 3303 1934 conspicuus:
3361 1870 3638 1932 quorum
3694 1851 3886 1933 signi-

587 1958 799 2022 ficatio
842 1977 1240 2040 quamquam
1284 1957 1350 2021 in
1392 1958 1635 2022 incerto
1675 1957 1886 2039 posita
1929 1960 2026 2021 est
2072 1955 2155 2038 (v.
2201 1955 2555 2021 Mommsen
2604 1957 2885 2023 chronol.
2930 1958 3118 2022 Rom.
3161 1977 3224 2040 p.
3268 1958 3383 2021 241
3431 1955 3617 2039 sqq.)‚
3664 1961 3886 2022 tamen

591 2064 874 2147 ipsorum
919 2083 1066 2128 cum
1111 2063 1513 2128 Tubilustriis
1551 2083 1829 2128 conexus
1870 2063 2033 2127 haec
2075 2063 2161 2127 ad
2200 2064 2482 2127 diversos
2526 2064 2679 2129 deos
2706 2064 3024 2146 pertinere
3066 2083 3198 2128 non
3239 2083 3425 2146 posse
3468 2064 3882 2129 demonstrat.

593 2190 740 2235 cum
782 2190 936 2234 vero
980 2171 1157 2252 prius
1198 2170 1663 2236 Tubilustrium
1709 2171 1897 2235 Marti
1940 2170 2247 2235 celebrari
2291 2174 2538 2235 constet
2596 2171 2680 2252 (v,
2728 2190 2925 2252 supra
2965 2191 3028 2253 p.
3070 2169 3182 2243 IX)
3200 2220 3215 2249 ,
3275 2171 3430 2235 Salii
3471 2190 3624 2235 vero
3665 2170 3886 2235 Martis

589 2277 952 2341 sacerdotes
994 2281 1058 2341 et
1115 2297 1263 2341 cum
1308 2277 1696 2342 tubicinibus
1751 2297 2082 2342 sacrorum
2126 2297 2189 2360 p.
2234 2277 2350 2356 R.,
2409 2277 2521 2360 qui
2570 2277 2939 2341 tubilustria
2997 2278 3309 2358 agebant,
3366 2282 3503 2342 arte
3566 2276 3886 2341 coniuncti
4005 2355 4009 2359 ι

587 2382 713 2447 sint
753 2418 833 2428 —
879 2403 1034 2447 nam
1061 2385 1366 2448 tubarum
1410 2385 1476 2448 in
1517 2384 1713 2448 sacris
1755 2383 2105 2448 Saliaribus
2132 2402 2322 2447 usum
2356 2384 2573 2447 multis
2604 2383 2980 2449 testimoniis
3015 2384 3339 2465 cognitum
3370 2383 3886 2465 11311οω11318)-

588 2494 653 2555 et
690 2490 914 2555 diebus
956 2510 1215 2573 quoque
1258 2495 1414 2555 nota
1458 2488 1528 2574 Q-
1553 2488 1633 2553 R·
1656 2487 1798 2556 GOE'
1844 2490 2196 2572 insignibus
2239 2490 2595 2554 secundum
2639 2491 2859 2555 locum
2885 2491 3052 2555 Festi
3089 2511 3151 2573 p.
3184 2489 3308 2555 278
3340 2491 3569 2555 misere
3601 2490 3886 2554 lacerum

589 2596 897 2661 sacrificio
939 2597 1296 2661 interfuisse
1340 2597 1682 2662 videantur
1698 2647 1713 2676 ,
1774 2598 1933 2661 1111111
1977 2598 2169 2661 etiam
2218 2596 2493 2661 alterum
2536 2597 3000 2661 Tubilustrium
3042 2617 3173 2661 non
3218 2597 3503 2662 Volcano
3545 2598 3659 2662 sed
3700 2597 3890 2662 Marti

593 2705 932 2769 convenire
972 2704 1223 2768 videtur
1260 2708 1323 2768 et
1379 2704 1464 2769 ad
1533 2704 1710 2768 illum
1753 2705 2135 2768 translatum
2190 2704 2273 2768 ab
2331 2703 2676 2785 interprete
2694 2754 2708 2782 ,
2767 2704 2877 2785 qui
2920 2702 3280 2768 Volcanum
3336 2724 3518 2768 arma
3569 2704 3887 2786 tubasque

590 2809 886 2875 fabricari
944 2831 979 2874 e
1037 2830 1233 2892 grae
1251 2832 1284 2875 c
1303 2810 1369 2874 is
1424 2811 1676 2874 fabulas
1731 2814 2033 2875 noverat:
2090 2830 2160 2874 re
2217 2829 2370 2873 vera
2433 2829 2515 2874 ne
2576 2809 2926 2891 posteriore
2971 2809 3230 2891 quidem
3275 2813 3487 2874 aetate
3529 2810 3888 2874 tubicinum

591 2920 901 2997 patronus
942 2916 1059 2981 fuit
1103 2917 1441 2994 VolcanuS,
1482 2917 1595 2981 sed
1634 2917 1953 2982 artificum
1997 2917 2233 2981 fautrix
2274 2916 2580 2993 Minerva,
2625 2915 2726 2978 cui
2770 2934 2943 2979 anno
2984 2934 3045 2997 p.
3094 2914 3243 2979 Chr.
3289 2916 3411 2980 229
3457 2916 3523 2979 in
3551 2914 3888 2979 Pannonia

592 3024 915 3105 superiore
954 3024 1210 3087 titulum
1253 3024 1509 3088 dedicat
1558 3023 1730 3090 scola
1771 3025 2119 3089 tubicinum
2177 3022 2468 3104 (Ephem.
2514 3021 2710 3103 epigr.
2750 3022 2832 3085 IV
2876 3021 3042 3102 503).
3131 3024 3420 3086 ceterum
3475 3022 3541 3086 in
3598 3021 3725 3086 fine
3762 3022 3888 3086 hoc

590 3149 848 3213 quoque
891 3130 1203 3195 adnotare
1244 3130 1487 3212 placet,
1552 3151 1634 3195 ne
1694 3131 1817 3196 foci
1862 3131 2123 3213 quidem
2183 3128 2513 3194 domestici
2571 3128 2786 3210 ignem
2845 3128 3142 3210 primitus
3205 3129 3381 3210 apud
3434 3129 3767 3193 Romanos
3820 3129 3887 3193 in

590 3235 854 3302 Volcani
899 3237 1189 3302 custodia
1245 3237 1467 3315 fuisse3
1527 3257 1683 3302 nam
1728 3239 1781 3302 si
1823 3236 2135 3303 Caeculus
2192 3236 2411 3319 oppidi
2453 3235 2854 3300 Praenestini
2915 3235 3206 3300 conditor
3264 3256 3304 3299 a
3355 3239 3564 3299 matre
3626 3241 3890 3320 propter

592 3341 805 3405 focum
846 3348 1192 3424 conceptus
1249 3343 1514 3407 Volcani
1573 3345 1739 3409 filius
1798 3349 2067 3409 vocatur
2126 3347 2197 3407 ut
2253 3343 2337 3407 ab
2382 3342 2521 3406 aliis
2583 3344 2674 3406 Ita
2730 3361 2770 3406 a
2825 3341 3070 3407 Catone
3128 3340 3326 3424 (apud
3386 3343 3594 3409 Schol.
3656 3343 3887 3409 Veron.

593 3448 753 3513 Aen.
808 3447 917 3511 VH
971 3447 1117 3528 681)
1177 3447 1476 3530 idemque
1531 3450 1819 3514 nonnulli
1879 3451 1960 3514 de
2016 3450 2236 3514 Servio
2295 3448 2502 3514 Tullio
2561 3449 2941 3527 adfirmant,
3021 3469 3167 3513 cum
3222 3450 3328 3513 hic
3387 3450 3472 3514 ab
3532 3449 3670 3514 aliis
3727 3451 3890 3515 Lare

594 3552 886 3617 familiari
923 3556 1100 3618 satus
1128 3554 1395 3632 dicatur,
1432 3555 1556 3620 hoc
1592 3556 1865 3620 alterum
1897 3560 2066 3620 certe
2094 3556 2406 3619 sinceram
2440 3555 2697 3619 fabulae
2729 3555 2985 3620 Italicae
3017 3555 3293 3620 formam
3325 3557 3603 3621 servaVit
3634 3562 3889 3640 postea-

596 3679 722 3742 que
764 3661 1023 3725 demum
1066 3659 1133 3723 in
1175 3661 1355 3725 Laris
1396 3662 1609 3726 locum
1658 3661 1978 3726 Volcanus
2019 3663 2322 3726 successit
2364 3662 2447 3743 (V.
2495 3661 2881 3743 Schwegleri
2921 3662 3067 3726 hist.
3111 3663 3300 3727 Rom.
3337 3663 3364 3726 Ι
3417 3683 3480 3746 p.
3526 3665 3649 3728 714
3684 3663 3886 3748 sqq.):

594 3767 768 3849 quod
825 3767 910 3831 ad
966 3767 1293 3849 exemplar
1352 3787 1625 3850 graecae
1681 3768 2000 3849 religionis
2056 3767 2296 3831 factum
2354 3787 2491 3832 esse
2549 3767 2698 3831 inde
2762 3768 3012 3849 patefit,
3072 3769 3247 3852 quod
3294 3769 3524 3834 Vestae
3563 3770 3686 3836 foci
3728 3772 3887 3836 deae

594 3874 874 3953 primum
915 3873 1234 3938 Volcanus
1280 3875 1685 3957 coniungitur
1728 3874 1794 3938 in
1841 3874 2223 3939 lectisternio
2269 3894 2327 3938 a.
2373 3894 2433 3939 u.
2482 3875 2603 3939 537
2645 3874 2964 3940 celebrato
3011 3875 3167 3957 (Liv.
3210 3876 3384 3940 XXII
3431 3877 3528 3955 10,
3573 3875 3658 3960 9).

795 4087 878 4154 15)
920 4088 1076 4143 Ram.
1113 4088 1345 4143 Forsch.
1371 4086 1424 4140 11
1460 4104 1512 4156 p.
1535 4086 1569 4139 3
1606 4104 1659 4141 n.
1680 4086 1740 4140 3:
1776 4087 1839 4141 in
1875 4086 1977 4141 den
2011 4086 2300 4140 uralten
2335 4085 2425 4140 die
2463 4085 2777 4141 Gottheiten
2807 4086 2904 4159 der
2937 4088 3236 4143 benanuten
3257 4088 3513 4159 Festtaqe
3547 4089 3889 4159 anyebenden

599 4170 969 4241 Beischristen
1008 4171 1101 4226 des
1139 4172 1465 4227 Kalendas.

807 4257 890 4327 16)
929 4256 1017 4310 lta
1051 4257 1431 4312 Meditrinalia.
1465 4257 1653 4311 Iovis
1701 4257 1868 4312 ferias
1921 4256 2087 4310 fuisse
2142 4256 2291 4312 solae
2340 4256 2838 4328 hemerologiorum
2873 4258 3270 4328 adscriptiones
3300 4260 3711 4325 demonstrant,
3765 4278 3888 4315 00111

597 4343 945 4411 grammatici
985 4343 1158 4411 (Paul.
1195 4362 1246 4412 p.
1286 4344 1406 4414 123)
1444 4361 1474 4399 0
1513 4343 1622 4398 diei
1660 4343 1880 4397 1101111110
1916 4342 2021 4396 sibi
2058 4343 2420 4397 confinxerint
2456 4343 2811 4398 Meditrinam
2852 4345 3042 4408 deam,
3091 4362 3231 4413 quae
3270 4345 3427 4400 nulla
3462 4364 3725 4415 umquam
3762 4347 3888 4401 fuit.

793 4428 880 4496 17)
921 4430 1136 4500 Agonia
1172 4432 1438 4497 quattuor
1474 4430 1565 4483 hic
1606 4445 1716 4483 non
1754 4428 1939 4483 venire
1976 4428 2034 4482 in
2071 4445 2292 4483 censum
2330 4445 2398 4484 ex
2434 4427 2504 4482 iis
2541 4445 2681 4498 quae
2715 4447 2882 4499 supra
2918 4448 2971 4499 p.
3008 4430 3114 4484 XII
3151 4448 3203 4484 n.
3245 4435 3302 4485 11
3343 4431 3620 4501 disputavi
3657 4432 3854 4487 elucet.

794 4512 880 4583 18)
920 4514 1075 4569 Paul.
1113 4533 1166 4585 p.
1205 4516 1271 4570 19
1314 4517 1714 4571 armilustrium
1753 4517 1962 4586 festum
1997 4522 2118 4570 erat
2154 4514 2308 4585 apud
2345 4515 2655 4578 Romanos,
2706 4532 2814 4585 quo
2859 4533 2947 4571 res
2996 4516 3218 4572 divinas
3255 4518 3460 4572 armati
3487 4518 3774 4585 faciebant
3808 4534 3890 4585 ac,

600 4597 727 4652 dum
760 4601 1150 4669 sacrificarent,
1185 4603 1330 4657 tubis
1365 4601 1658 4669 canebant;
1696 4602 1763 4656 of.
1804 4603 2093 4673 praeterea.
2130 4599 2266 4671 Lyd.
2303 4602 2371 4655 de
2409 4618 2576 4657 1110110.
2600 4600 2676 4655 IV
2708 4602 2793 4665 27,
2829 4601 3086 4672 Calpurn.
3122 4603 3219 4658 ecl.
3256 4603 3283 4657 I
3308 4602 3377 4657 68
3411 4607 3470 4657 et
3505 4603 3888 4674 anaglyphum

603 4681 673 4734 ab
712 4684 940 4740 Ernesto
975 4686 1203 4742 Schulse
1242 4687 1604 4741 inlustratum
1643 4687 1789 4757 (Alte
1825 4686 2295 4757 Handzeichnunq
2332 4688 2477 4742 eines
2512 4687 2726 4760 Relieffa
2763 4691 2865 4744 mit
2897 4689 3256 4760 Darstelluny
3292 4690 3438 4745 eines
3462 4689 3892 4758 Saliemmzuyes

606 4764 686 4821 St.
717 4769 1049 4842 Petersburg
1088 4773 1265 4843 1873),
1315 4772 1412 4827 ubi
1448 4771 1624 4827 Salios
1659 4772 2303 4843 praecedunt·tubicines
2336 4772 2592 4829 laureati.
