4942 6359
2678 500 2791 564 XII

1091 672 1200 755 qui
1242 673 1307 736 in
1352 674 1530 738 fastis
1573 695 1651 739 ex
1694 675 1908 739 alteris
1948 694 2184 741 nomen
2229 677 2508 760 accepit3
2555 697 2708 742 narn
2751 679 2817 743 in
2859 679 3037 744 fastis
3078 680 3432 745 Maffeianis
3473 685 3539 745 et
3573 683 3977 748 Farnaeianis
4024 683 4147 750 diei
4188 686 4380 768 signi-

1087 778 1303 844 ficatio
1345 780 1482 845 sola
1524 785 1619 845 est
1658 780 1983 862 LIBER(
1981 782 2181 864 alia),
2243 802 2390 847 cum
2447 784 2515 849 in
2570 784 3016 867 hemerologiis
3058 786 3370 851 Vaticano
3427 791 3492 852 et
3547 788 3905 855 Caeretano
3950 791 4044 872 (C.
4093 792 4136 856 Ι.
4185 793 4252 857 L.
4293 794 4380 858 XI

1089 885 1276 966 3592)
1332 891 1479 968 post
1537 887 1661 952 hoc
1717 908 1955 954 nomen
2013 889 2294 953 addatur
2342 889 2792 970 AGON(ium)
2852 892 2984 956 sive
3038 892 3441 972 AG(om'um)
3469 893 3574 977 ¹¹):
3654 897 3768 960 sed
3831 897 4006 962 illam
4061 900 4379 965 rationem

1090 1012 1498 1058 communem
1542 994 1853 1059 fastorum
1896 1015 2085 1059 usum
2128 996 2397 1061 reddere
2441 997 2683 1062 discere
2724 998 2872 1062 licet
2915 1020 2951 1064 e
2987 999 3275 1064 Varrone
3322 1000 3402 1066 de
3444 1001 3481 1064 l.
3517 1001 3555 1064 l.
3586 1002 3669 1066 VI
3706 1004 3801 1081 14,
3846 1005 3954 1087 qui
3989 1006 4376 1071 Liberalium

1084 1119 1321 1164 nomen
1363 1120 1399 1164 e
1439 1100 1616 1166 fastis
1633 1151 1648 1179 ,
1703 1102 1936 1183 Agonii
1978 1123 2013 1168 e
2054 1103 2229 1167 libris
2268 1103 2588 1168 Saliorum
2630 1106 3069 1186 Agonensium
3109 1107 3282 1184 citat,
3325 1107 3544 1190 itaque
3599 1108 3723 1172 hoc
3777 1110 4048 1176 alterum
4091 1112 4157 1176 in
4197 1113 4375 1178 fastis

1082 1225 1213 1269 non
1256 1207 1438 1288 legit3
1482 1211 1546 1271 et
1587 1212 2090 1273 consentaneum
2132 1213 2227 1273 est
2268 1210 2334 1274 in
2376 1210 2697 1293 plerisque
2742 1211 3186 1294 hemerologiis
3227 1213 3434 1277 solum
3497 1215 3622 1279 diei
3676 1235 3914 1280 nomen
3972 1218 4246 1284 extitisse
4290 1255 4370 1264 —

1081 1331 1236 1376 nam
1279 1314 1389 1395 qui
1434 1314 1603 1378 diem
1644 1315 1827 1379 Mart.
1876 1317 1953 1380 17
2007 1321 2517 1381 commemorant
2558 1322 2783 1382 auctor
2834 1319 2981 1383 belli
3025 1319 3462 1402 Hispaniensis
3507 1320 3585 1402 (c.
3636 1321 3741 1402 31)
3803 1327 3867 1387 et
3908 1323 4128 1389 Cicero
4166 1303 4369 1408 (epist.

1079 1420 1193 1483 XII
1238 1421 1336 1498 25,
1381 1421 1447 1496 1;
1490 1420 1575 1484 ad
1617 1422 1807 1486 Attic.
1853 1422 1996 1486 XIV
2042 1425 2136 1502 10,
2188 1423 2247 1505 1)
2287 1424 2604 1488 Liberalia
2652 1425 2990 1490 nominant
3033 1462 3110 1471 —
3129 1476 3143 1505 ,
3203 1428 3367 1491 sacri
3422 1448 3574 1492 vero
3631 1429 3939 1494 Martialis
3984 1431 4373 1497 mentionem

1081 1530 1145 1591 et
1185 1527 1252 1592 in
1294 1527 1671 1609 pontificum
1714 1530 2190 1595 commentariis
2255 1534 2320 1595 et
2372 1530 2439 1594 in
2500 1550 2720 1594 eorum
2762 1532 3169 1597 sacerdotum
3211 1533 3385 1598 libris
3402 1583 3416 1610 ,
3473 1554 3750 1616 quorum
3804 1537 4151 1618 primariae
4192 1538 4256 1601 in
4299 1557 4375 1602 eo

1078 1634 1388 1699 sacrificio
1431 1639 1648 1717 partes
1691 1640 1892 1700 erant.
1980 1657 2093 1701 cur
2131 1657 2283 1702 vero
2325 1657 2457 1702 non
2503 1637 2589 1701 ab
2635 1637 2887 1719 Agonio
2928 1638 3040 1702 sed
3080 1658 3121 1702 a
3161 1638 3556 1704 Liberalibus
3598 1640 3733 1705 dies
3771 1661 4009 1706 nomen
4054 1645 4373 1725 acceperit

1082 1740 1147 1805 in
1188 1742 1529 1823 propatulo
1571 1746 1696 1821 est,
1760 1763 1908 1808 cum
1968 1744 2233 1808 iteratus
2290 1744 2574 1808 eiusdem
2618 1744 2894 1809 nominis
2933 1764 3087 1809 usus
3151 1745 3585 1809 confusionem
3643 1746 3953 1811 fastorum
3997 1749 4373 1829 minaretur,

1078 1849 1310 1929 Agonii
1349 1852 1566 1913 autem
1607 1869 1844 1914 nomen
1880 1854 1976 1914 ter
2018 1855 2352 1933 praeterea
2396 1851 2461 1915 in
2509 1851 2662 1915 anni
2690 1851 2914 1915 tabula
2944 1855 3239 1916 occurrat
3277 1852 3408 1915 Ian.
3433 1854 3473 1917 9
3504 1852 3650 1917 Mai.
3678 1854 3750 1916 21
3786 1854 3934 1918 Dec.
3965 1856 4057 1918 11.
4138 1855 4373 1922 horum

1081 1955 1329 2020 dierum
1373 1956 1598 2020 ultimo
1641 1961 1897 2039 praeter
1940 1959 2263 2039 Agonium
2321 1959 2730 2023 celebrantur
2787 1958 2981 2022 feriae
3025 1959 3331 2040 Septim
3349 1958 3656 2024 ontium
3718 1964 3987 2024 vocatae
4005 2011 4019 2039 ‚
4077 1982 4248 2044 quae
4306 1963 4372 2027 in

1078 2061 1257 2126 fastis
1297 2083 1428 2127 non
1473 2063 1801 2144 leguntur,
1858 2084 1989 2129 non
2034 2065 2117 2128 ob
2160 2085 2306 2129 eam
2349 2085 2616 2129 causam
2657 2065 2741 2129 ob
2796 2086 2995 2147 quam
3039 2085 3279 2148 equum
3322 2065 3668 2129 Octobrem
3711 2066 3848 2130 Oct.
3898 2069 3973 2131 15
4033 2071 4098 2131 et
4139 2070 4369 2134 Annae

1079 2169 1411 2235 Perennae
1454 2170 1642 2235 ferias
1683 2171 1867 2236 Mart.
1917 2172 1994 2235 15
2036 2176 2101 2236 et
2145 2172 2469 2253 Agonium
2510 2172 2801 2236 Martiale
2841 2172 3026 2236 Mart.
3077 2172 3150 2235 17
3194 2174 3257 2235 et
3288 2171 3450 2236 Iovis
3491 2172 3682 2236 ferias
3721 2173 3869 2237 Dec.
3907 2174 3988 2237 23
4029 2174 4372 2240 desiderari

1077 2276 1225 2354 dixi,
1268 2276 1383 2340 sed
1426 2277 1577 2359 quia
1621 2297 1657 2341 e
1700 2278 1951 2342 duobus
1991 2298 2321 2343 sacrorum
2367 2279 2774 2361 publicorum
2819 2279 3174 2360 generibuS,
3214 2298 3382 2360 quae
3425 2278 3697 2343 discerni
3740 2279 4031 2344 videmus
4073 2301 4114 2345 a
4152 2281 4373 2346 Verrio

1080 2383 1308 2447 Flacco
1352 2383 1538 2466 (Fest.
1582 2404 1644 2466 p.
1690 2382 1870 2466 245),
1931 2385 1997 2449 in
2044 2385 2223 2450 fastis
2266 2405 2397 2450 non
2441 2386 2805 2450 indicantur
2847 2384 2967 2448 nisi
3030 2404 3197 2466 quae
3239 2384 3495 2466 publico
3551 2388 3815 2467 sumptu
3870 2406 4014 2468 pro
4066 2388 4373 2470 populo

1074 2489 1255 2568 fiunt,
1300 2490 1727 2555 excluduntur
1768 2511 1935 2573 quae
1976 2512 2095 2574 pro
2136 2494 2463 2557 montibus
2504 2492 2687 2575 pagis
2730 2491 2919 2555 curiis
2953 2491 3216 2568 sacelliS,
3263 2491 3455 2555 veluti
3488 2492 3983 2574 Septimontium
4012 2493 4372 2576 Paganalia

1074 2597 1451 2661 Fornacalia
1491 2598 1704 2679 Argei.
1791 2598 2008 2681 itaque
2046 2618 2178 2663 non
2223 2599 2579 2682 adstipulor
2618 2597 3013 2664 Mommseno
3057 2597 3264 2679 (Rom.
3311 2597 3698 2662 Staatsrecht
3733 2599 3814 2662 III
3859 2619 3922 2681 p.
3975 2600 4117 2681 114)
4166 2601 4372 2683 Septi-

1079 2703 1303 2767 montii
1346 2703 1537 2767 ferias
1577 2704 1698 2768 sub
1730 2705 2118 2785 Agonalium
2147 2706 2406 2770 nomine
2451 2705 2581 2769 iam
2624 2706 2690 2769 in
2732 2706 3051 2770 veteribus
3076 2704 3326 2770 Numae
3368 2704 3545 2769 fastis
3586 2710 4122 2771 commemoratas
4159 2708 4369 2786 fuisse,

1074 2829 1284 2892 neque
1322 2810 1460 2874 fieri
1501 2830 1688 2892 posse
1732 2810 2005 2875 arbitror
2023 2861 2037 2889 ,
2096 2814 2170 2876 ut
2228 2833 2263 2876 e
2305 2812 2708 2894 Septimontii
2764 2812 3162 2876 caerimoniis
3222 2812 3306 2876 ab
3356 2811 3634 2876 Antistio
3678 2812 3976 2877 Labeone
4036 2814 4371 2897 descriptis

1079 2915 1265 2998 (Fest.
1309 2937 1370 2999 p.
1419 2918 1540 2982 348
1584 2917 1660 2981 cf.
1704 2919 1843 2982 340.
1889 2916 2034 2999 341)
2095 2919 2174 2982 de
2218 2920 2479 2983 nomine
2537 2918 2635 2982 dei
2680 2919 2804 2983 hoc
2844 2919 3095 3000 Agonio
3137 2918 3439 2982 celebrati
3495 2918 3737 3001 aliquid
3780 2919 4130 2996 discamus;
4195 2921 4370 3002 quod

1075 3043 1110 3086 e
1154 3024 1465 3087 fastorum
1506 3024 2056 3088 Amiterninorum
2103 3026 2393 3107 apicibus
2437 3025 2680 3090 AG·IN
2720 3026 3153 3089 Mommsenus
3200 3022 3292 3106 (C.
3321 3026 3364 3089 1.
3404 3025 3521 3089 L.I
3564 3045 3627 3107 p.
3651 3024 3800 3107 408)
3839 3026 4062 3090 elicere
4101 3031 4369 3091 conatus

1076 3135 1173 3194 est
1214 3129 1533 3212 A9(onia)
1575 3130 1831 3211 In(ui),
1892 3131 2023 3194 iam
2068 3151 2215 3196 eam
2257 3133 2339 3196 ob
2388 3152 2649 3197 causam
2694 3133 3125 3197 reiectaneum
3164 3131 3442 3210 videtur,
3487 3132 3661 3213 quod
3705 3132 3918 3196 Inuus
3959 3152 4090 3196 non
4133 3129 4368 3197 nonien

1075 3238 1176 3302 dei
1219 3241 1316 3301 est
1356 3237 1468 3301 sed
1511 3257 1885 3318 cognomen,
1931 3238 2033 3303 cui
2077 3239 2144 3304 in
2186 3239 2398 3302 sobrio
2439 3239 2749 3303 fastorum
2794 3257 3086 3302 sermone
3130 3258 3260 3301 non
3296 3239 3503 3320 magis
3548 3238 3726 3302 locus
3754 3243 3849 3303 est
3876 3259 4074 3320 quam
4105 3241 4369 3304 vocibus

1076 3345 1298 3428 quales
1340 3347 1492 3408 sunt
1531 3345 1828 3409 Lucetius
1869 3345 2187 3409 Gradivus
2229 3346 2536 3410 Mulciber
2578 3345 2740 3410 aliae
2782 3345 3046 3409 similes:
3107 3344 3298 3421 mihi,
3364 3364 3512 3408 cum
3554 3345 3620 3408 in
3662 3345 4174 3410 calendariorum
4216 3366 4367 3428 par-

1073 3453 1244 3516 tibus
1286 3452 1529 3515 maiore
1566 3451 1922 3516 litteratura
1966 3454 2245 3517 exaratis
2287 3471 2647 3534 numquam
2691 3452 2980 3516 accidere
3023 3450 3279 3514 videam
3298 3500 3312 3527 ,
3362 3454 3434 3515 ut
3477 3452 3641 3515 inter
3675 3451 3979 3516 feriarum
4020 3473 4260 3517 nomen
4303 3456 4368 3517 et

1077 3559 1202 3624 diei
1260 3561 1484 3622 notam
1530 3554 1662 3639 (ΙΨ)
1709 3558 2026 3623 inseratur
2085 3558 2462 3640 significatio
2506 3558 2636 3635 dei,
2698 3558 2800 3622 cui
2845 3557 2901 3621 ei
2943 3557 3137 3621 feriae
3193 3557 3596 3621 celebrantur
3614 3607 3628 3635 ‚
3693 3557 3847 3621 illud
3889 3558 4003 3622 AG
4022 3558 4134 3622 ·1N
4189 3579 4366 3623 mero

1075 3665 1471 3748 quadratarii
1529 3685 1742 3730 errore
1804 3685 1884 3729 ex
1921 3664 2156 3730 AGON
2209 3670 2438 3730 natum
2502 3685 2638 3730 esse
2678 3684 3056 3747 persuasum
3099 3667 3224 3727 est:
3285 3663 3386 3727 cui
3440 3683 3591 3744 ergo
3654 3664 3775 3728 deo
3818 3664 4222 3746 Septimontii
4264 3667 4367 3730 die

1072 3793 1191 3856 pro
1235 3772 1473 3855 populo
1515 3772 1945 3836 sacrificatum
1987 3772 2068 3835 sit
2107 3772 2523 3836 nesciendum
2567 3771 2704 3835 erit.

1268 3878 1456 3957 Quod
1502 3879 1567 3942 in
1608 3878 1917 3943 sacrificio
1955 3879 2100 3960 equi
2132 3878 2425 3943 Octobris
2471 3883 2535 3943 et
2576 3879 2640 3942 in
2684 3896 2868 3941 sacro
2900 3879 3128 3940 Annae
3155 3875 3487 3938 Perennae
3538 3875 3831 3954 vidimuS,
3877 3876 4145 3941 deorum
4178 3878 4366 3943 ferias

1075 3986 1139 4049 in
1171 3985 1312 4050 idus
1340 3977 1689 4050 incidentes
1722 3985 1846 4049 diei
1872 4004 2106 4049 nomen
2140 4005 2271 4049 non
2303 3986 2570 4064 dedisse,
2615 3984 2737 4049 hoc
2767 3984 2938 4047 idem
2975 3982 3167 4046 eliam
3197 3981 3262 4044 in
3292 3980 3600 4045 kalendas
3628 3981 3858 4046 cadere
3893 3984 4364 4050 Martiarum

1075 4092 1616 4156 kalendarum
1660 4091 1950 4173 exemplo
1993 4091 2399 4168 inlustratur,
2464 4111 2631 4173 quae
2674 4091 2847 4156 solae
2887 4110 2966 4154 ex
3006 4088 3302 4153 omnibus
3343 4087 3631 4151 kalendis
3674 4085 3760 4151 ΙΨ
3803 4093 4027 4153 notam
4068 4095 4359 4173 gerentes

1269 4275 1352 4338 11)
1391 4273 1613 4341 Ayom'a
1646 4272 1761 4325 eive
1801 4273 2080 4341 Ayonalia
2117 4271 2342 4336 formae,
2379 4289 2517 4340 quas
2551 4272 2823 4341 praebent
2859 4270 3033 4324 Varro
3070 4270 3138 4324 de
3172 4269 3209 4322 l.
3245 4269 3284 4322 1.
3321 4269 3398 4322 VI
3437 4270 3515 4322 12.
3555 4271 3647 4333 14,
3684 4270 3889 4325 Paulus
3923 4289 3974 4340 p.
4015 4273 4093 4334 10,
4131 4270 4355 4325 Ovidius

1074 4359 1203 4413 fast.
1244 4358 1268 4412 1
1310 4359 1409 4412 317
1448 4376 1582 4426 sqq„
1621 4358 1774 4412 nulla
1810 4357 2145 4413 auctoritate
2181 4358 2465 4424 nituntur,
2504 4358 2596 4412 sed
2633 4358 2704 4411 ad
2741 4357 3052 4425 exemplum
3091 4355 3379 4410 Lucarinm
3420 4354 3692 4409 Feralium
3731 4356 3962 4410 aliorum
4003 4358 4161 4410 fictae
4196 4358 4354 4408 sunt:

1076 4461 1203 4497 nam
1243 4444 1308 4498 de
1351 4443 1453 4497 hoc
1487 4443 1708 4497 nomine
1745 4442 1883 4497 nihil
1916 4446 2258 4511 compertum
2295 4443 2461 4498 fuisse
2508 4442 2615 4497 nisi
2651 4443 2798 4511 quod
2847 4459 2911 4496 ex
2951 4442 3221 4496 fastorum
3265 4441 3588 4510 compendio
3627 4442 3823 4496 AGON
3859 4443 3983 4496 elici
4023 4445 4238 4510 poterat
4274 4440 4358 4494 in-

1070 4546 1236 4584 sanae
1274 4546 1411 4596 quas
1457 4528 1747 4599 scriptores
1799 4527 1883 4581 illi
1934 4529 2221 4597 proferunt
2273 4528 2509 4582 nominis
2557 4526 3041 4596 interpretationes
3090 4530 3404 4582 ostendunt.
3476 4529 3622 4582 inter
3668 4545 3804 4597 quas
3855 4527 4079 4595 reliquis
4131 4526 4360 4581 minime

1069 4617 1317 4687 praestat
1351 4631 1443 4677 ea,
1492 4630 1637 4682 quae
1674 4613 1950 4683 Agonalia
1985 4631 2019 4667 a
2058 4614 2224 4669 verbo
2261 4613 2597 4683 apparitoris
2634 4612 2969 4667 sciscitantis
3003 4614 3227 4669 caedine
3265 4613 3502 4667 hostiam
3541 4616 3816 4682 oporteret
3853 4613 4070 4683 ayone?
4121 4612 4360 4677 deducit,

1071 4717 1236 4768 quam
1276 4699 1438 4754 velim
1477 4717 1586 4754 non
1627 4699 1903 4754 videretur
1937 4701 2170 4769 probare
2208 4700 2296 4756 vel
2330 4699 2689 4754 Buechelerns
2714 4699 2951 4753 Umbrio.
2988 4717 3038 4768 p.
3063 4700 3146 4754 30.
3219 4716 3278 4754 re
3316 4717 3447 4753 vera
3482 4698 3645 4753 unica
3677 4716 3820 4768 quae
3855 4698 4087 4753 extabat
4125 4697 4364 4753 nominis

1069 4787 1244 4840 forma
1280 4785 1390 4840 fuit
1419 4789 1678 4855 ayonium
1712 4786 1764 4840 h.
1802 4802 1847 4842 e.
1897 4786 2221 4843 sacrificium
2275 4787 2363 4856 (cf.
2415 4787 2711 4842 Mommsen
2752 4786 2808 4842 C.
2846 4787 2886 4841 1.
2926 4787 2979 4841 [ι.
3019 4787 3043 4841 1
3093 4806 3142 4857 p.
3182 4786 3303 4856 383)
3352 4804 3386 4840 a
3420 4803 3550 4840 voce
3603 4786 3780 4856 ⁸a90,
3835 4798 3978 4854 quae
4025 4803 4060 4839 a
4106 4784 4363 4839 sollemni

1071 4871 1272 4943 agendi
1312 4873 1478 4926 verbo
1522 4873 1712 4926 eadem
1763 4872 1983 4928 ratione
2030 4875 2315 4928 derivatur
2349 4891 2463 4942 qna
2500 4873 2598 4928 edo
2636 4874 2707 4927 ab
2744 4874 2981 4938 edendo,
3038 4891 3146 4927 non
3198 4874 3364 4927 aliter
3409 4873 3740 4928 descendens
3790 4877 3960 4941 atque
4015 4889 4049 4926 a
4098 4888 4366 4941 praecone

1060 4961 1434 5029 praeconium.
