4942 6359
2181 539 2289 604 VH

586 729 1009 810 conditaeque
1073 744 1219 790 cum
1265 722 1435 805 Ope,
1503 721 1683 786 cuius
1742 721 1952 803 ipsum
2016 737 2252 783 nomen
2308 716 2465 782 nihil
2525 716 2700 780 aliud
2763 714 3081 797 significat
3119 715 3238 779 nisi
3286 715 3569 797 opimam
3631 713 3888 795 frugum

590 835 860 917 copiam,
903 852 1072 915 quae
1117 831 1364 895 horreis
1408 828 1723 906 conditur,
1768 832 1832 891 et
1872 845 2072 909 quam
2112 828 2262 905 apte
2306 828 2654 907 utrumque
2695 841 2936 886 numen
2982 822 3150 886 feriis
3184 820 3535 885 celebretur
3578 825 3643 885 et
3671 839 3889 885 mense

589 943 880 1023 Augusto
925 940 1094 1003 circa
1136 938 1331 1002 finem
1378 935 1602 1000 messis
1644 937 1708 999 et
1754 933 1969 998 media
2011 932 2222 996 hieme
2271 931 2548 1013 peractis
2604 929 2733 994 fere
2787 929 3145 994 excutiendi
3189 929 3490 993 frumenti
3530 928 3887 994 laboribus:

588 1068 741 1113 nani
779 1047 986 1130 ferias
1028 1048 1099 1109 in
1139 1045 1409 1127 famulis
1453 1042 1741 1126 operibus
1775 1041 2060 1125 patratis
2102 1038 2337 1115 haberi,
2383 1037 2451 1101 id
2494 1041 2590 1101 est
2631 1038 2717 1102 ad
2743 1036 3188 1119 perfectionem
3222 1057 3481 1118 operum
3505 1038 3889 1101 rusticorum

591 1155 869 1238 conferri
909 1173 987 1218 ex
1029 1151 1347 1217 sententia
1385 1149 1763 1232 pontificum
1809 1147 2257 1211 Romanorum
2301 1145 2476 1209 iubet
2519 1143 2740 1209 Cicero
2783 1144 2862 1207 de
2906 1144 3025 1225 leg.
3059 1143 3113 1207 II
3162 1144 3238 1207 19
3282 1148 3346 1208 et
3385 1144 3486 1208 29.
3572 1163 3782 1226 neque
3823 1144 3891 1209 id

593 1261 1060 1344 neglegendum
1097 1262 1211 1334 est,
1257 1258 1484 1321 eodem
1530 1259 1809 1331 secreto,
1853 1273 1983 1337 quo
2027 1251 2218 1317 Consi
2263 1271 2379 1315 ara
2420 1251 2487 1314 in
2533 1250 2701 1314 circo
2745 1251 2864 1314 sub
2908 1254 3078 1314 terra
3122 1250 3449 1327 delitescit,
3496 1251 3692 1315 etiam
3734 1250 3891 1333 Opis

593 1369 963 1451 religionem
1006 1365 1152 1447 tegi,
1200 1364 1379 1428 cuius
1420 1363 1485 1426 in
1530 1361 1708 1444 regia
1751 1359 2102 1425 sacrarium
2151 1360 2242 1423 ita
2278 1376 2610 1435 arcanum,
2654 1361 2727 1421 ut
2770 1377 2846 1421 eo
2889 1360 3145 1440 praeter
3185 1358 3462 1440 virgines
3502 1359 3785 1424 Vestales
3828 1363 3894 1424 et

592 1475 991 1541 sacerdotem
1042 1471 1372 1555 publicum
1414 1470 1691 1534 introeat
1731 1486 1921 1532 nemo
1936 1465 2007 1548 ⁸).
2109 1465 2384 1547 denique
2439 1484 2520 1528 ex
2576 1483 2654 1528 ea
2711 1483 2910 1547 quam
2965 1464 3201 1547 protuli
3253 1465 3409 1548 Opis
3482 1466 3641 1531 deae
3696 1467 3891 1531 inter-

593 1581 951 1665 pretatione
995 1580 1099 1643 lux
1144 1577 1430 1642 adfertur
1472 1577 1528 1640 ei
1576 1574 1907 1651 sacrificiO,
1951 1572 2127 1656 quod
2169 1571 2609 1636 Volcanalium
2655 1572 2758 1648 die
2799 1571 2987 1654 (Aug.
3031 1571 3137 1653 23)
3180 1573 3623 1638 incendiorum
3667 1594 3891 1639 arcen-

596 1689 820 1754 dorum
868 1706 1063 1751 causa
1105 1685 1282 1767 apud
1324 1684 1515 1748 aedes
1563 1682 1824 1747 Volcani
1869 1682 1936 1744 in
1979 1680 2147 1744 circo
2196 1678 2535 1757 Flaminio,
2592 1680 2895 1744 Iuturnae
2936 1683 3002 1744 et
3051 1679 3488 1763 nympharum
3529 1681 3594 1746 in
3639 1702 3889 1764 camp0,

596 1794 750 1878 Opis
788 1794 1066 1876 opiferae
1110 1792 1175 1855 in
1213 1791 1528 1873 Capitolio
1548 1840 1562 1868 ,
1609 1789 1856 1868 Quirini
1899 1788 1965 1851 in
2009 1787 2166 1851 colle
2185 1837 2199 1864 ,
2257 1785 2522 1850 Volcani
2582 1786 2648 1850 in
2693 1787 2950 1851 comitio
3006 1788 3249 1852 factum
3306 1792 3579 1853 testatur
3619 1789 3891 1854 fratrum

593 1902 927 1967 Arvalium
971 1899 1475 1980 hemerologium
1520 1896 1622 1978 (cf.
1668 1896 1909 1961 Jordan
1958 1894 2223 1976 Ephem.
2267 1893 2463 1975 epigr.
2498 1893 2524 1957 I
2567 1913 2629 1975 p.
2663 1894 2785 1958 229
2812 1891 3013 1976 sqq.):
3060 1915 3215 1959 nam
3257 1898 3330 1960 ut
3370 1894 3689 1961 Volcanus
3730 1898 3892 1978 ignis

598 2010 989 2091 gubernator
1032 2010 1094 2070 et
1137 2006 1402 2070 Iuturna
1445 2003 1858 2086 reliquaeque
1893 2000 2220 2084 nymphae
2264 2019 2583 2083 aquarum
2627 2000 2913 2066 subsidia
2968 2005 3408 2084 suggerentes,
3476 2004 3566 2067 ita
3602 2003 3735 2087 Ops
3776 2003 3893 2068 ad-

595 2119 882 2192 vocatur,
928 2133 1095 2195 quae
1135 2113 1369 2176 horrea
1410 2110 1607 2175 modo
1652 2108 1985 2173 frumentis
2037 2107 2282 2189 repleta
2338 2108 2422 2171 ab
2467 2107 2907 2172 incendiorum
2961 2109 3258 2190 periculis
3299 2110 3611 2175 immunia
3653 2116 3890 2188 servet3

598 2242 715 2287 nec
757 2220 1018 2285 fortuito
1060 2220 1303 2284 factum
1348 2238 1516 2296 esse,
1577 2221 1649 2281 ut
1692 2215 1854 2280 haec
1897 2215 2161 2280 Volcani
2204 2215 2304 2279 dei
2348 2214 2554 2278 infesti
2594 2215 2874 2296 placatio
2923 2236 3129 2280 messe
3167 2220 3433 2299 peracta
3471 2218 3688 2282 media
3731 2219 3895 2284 inter

598 2328 940 2394 Consualia
982 2330 1046 2390 et
1088 2325 1497 2410 Opiconsivia
1540 2325 2066 2405 interponeretur,
2115 2321 2479 2386 Huschkius
2517 2321 2679 2385 vidit
2719 2321 2889 2402 (Das
2924 2324 3047 2386 alte
3085 2329 3237 2388 reim.
3280 2323 3453 2388 Jahr
3497 2346 3560 2407 p.
3603 2325 3771 2408 251).

805 2436 941 2499 Iam
985 2434 1176 2516 igitur
1215 2433 1282 2496 id
1327 2432 1500 2515 quod
1543 2431 1847 2495 feriarum
1890 2429 2046 2512 Opis
2089 2433 2154 2493 et
2189 2427 2380 2493 Consi
2436 2428 2503 2491 in
2545 2428 2722 2492 fastis
2763 2429 2996 2494 vicinia
3037 2431 3365 2511 indicabat
3421 2437 3486 2497 et
3525 2435 3784 2498 nomine
3831 2438 3895 2500 et

600 2540 811 2606 indole
857 2541 1018 2604 deae
1062 2540 1361 2604 omnibus
1404 2538 1612 2602 modis
1654 2537 1894 2601 firmari
1940 2536 2234 2612 vidimuS,
2274 2535 2542 2600 numina
2584 2537 2775 2600 fuisse
2820 2537 3170 2619 antiquitus
3211 2538 3376 2603 inter
3418 2560 3485 2604 se
3532 2541 3890 2605 coniuncta.

601 2648 827 2730 quodsi
869 2651 1094 2730 postea
1149 2667 1189 2711 a
1249 2647 1518 2727 coniuge
1571 2664 1688 2708 suo
1734 2643 1867 2726 Ops
1912 2644 2194 2708 abducta
2252 2648 2346 2707 est
2401 2642 2808 2725 Saturnoque
2869 2644 2935 2707 in
2990 2645 3157 2726 volgi
3217 2646 3517 2728 opinione
3574 2648 3891 2730 copulata,

601 2754 1041 2836 ingruentibus
1083 2772 1462 2836 graecarum
1507 2751 1871 2815 fabularum
1912 2751 2194 2814 nubibus
2249 2749 2490 2814 sactum
2533 2755 2645 2814 est.
2730 2770 2884 2814 nam
2921 2756 3263 2834 postquam
3306 2754 3655 2819 Saturnum
3699 2755 3894 2819 deum

600 2880 641 2925 a
682 2862 1072 2926 Graecorum
1103 2858 1330 2939 Κρόνῳ
1372 2878 1503 2923 non
1548 2878 1684 2922 esse
1729 2857 2048 2921 diversum
2092 2856 2403 2921 creditum
2449 2859 2562 2934 est,
2606 2876 2754 2921 cuin
2793 2857 2958 2923 inter
2989 2859 3285 2923 Romana
3327 2861 3595 2925 numina
3624 2861 3897 2926 circum-

601 2969 919 3050 spicerent
955 2987 1125 3051 quae
1161 2967 1350 3031 huius
1396 2966 1649 3047 coniugi
1692 2965 1918 3030 Rheae
1959 2963 2393 3045 responderet,
2439 2963 2606 3027 ultro
2646 2983 2714 3027 se
2756 2965 2984 3030 offerre
3029 2965 3368 3031 videbatur
3405 2986 3483 3031 ea
3520 2967 3674 3046 dea,
3717 2969 3897 3034 cuius

604 3077 796 3141 feriae
839 3074 1069 3158 Opalia
1098 3093 1138 3137 a
1177 3072 1624 3138 Saturnalibus
1664 3071 1955 3154 proxime
2000 3072 2288 3147 aberant,
2329 3071 2706 3151 praesertim
2750 3091 2898 3136 cum
2940 3075 3005 3136 et
3035 3072 3243 3155 Opem
3275 3077 3337 3138 et
3369 3073 3624 3139 Rheam
3657 3077 3896 3139 terram

602 3182 958 3265 significare
1000 3180 1358 3246 communis
1413 3179 1628 3262 opinio
1693 3178 1885 3242 ferret
1945 3177 2046 3258 (cf.
2106 3176 2440 3241 Merkelius
2498 3177 2736 3260 proleg.
2801 3178 2886 3243 ad
2930 3179 3114 3244 Ovid.
3168 3181 3309 3245 fast.
3371 3202 3433 3263 p.
3479 3181 3894 3263 CCXXXIX).

603 3310 770 3372 quae
814 3288 1232 3370 comparatio,
1277 3306 1407 3369 qua
1450 3286 1735 3368 religioni
1765 3285 2104 3350 Romanae
2142 3284 2341 3348 nihilo
2381 3284 2525 3366 plus
2557 3285 2715 3348 lucis
2757 3285 2992 3350 adferri
3035 3288 3517 3353 concedendum
3562 3293 3658 3353 est
3700 3309 3897 3372 quam

602 3396 770 3472 inde,
815 3395 992 3476 quod
1033 3398 1308 3458 matrem
1350 3394 1666 3457 Matutam
1712 3391 2132 3469 Leucotheae,
2180 3391 2520 3456 Stimulam
2556 3393 2863 3473 Semelae,
2908 3394 3196 3459 Virbium
3230 3395 3577 3478 Hippolyto
3615 3397 3899 3461 adsimu-

603 3501 928 3578 laverunt,
993 3500 1256 3583 quando
1312 3499 1601 3564 instituta
1658 3500 1740 3563 sit
1794 3518 1912 3580 pro
1965 3503 2138 3562 certo
2194 3498 2316 3563 dici
2375 3499 2630 3583 nequit:
2693 3503 2864 3564 certe
2923 3501 3272 3566 Saturnum
3332 3522 3447 3584 pro
3500 3501 3725 3583 Κρόνῳ
3767 3505 3899 3569 iam

605 3608 817 3672 Livius
857 3607 1265 3672 Andronicus
1308 3609 1673 3671 constanter
1706 3606 1918 3688 ponit,
1977 3625 2124 3669 cum
2176 3605 2391 3669 Iovem
2432 3606 2871 3690 Iunonemque
2908 3607 3168 3672 Saturni
3204 3628 3436 3691 pueros
3478 3609 3661 3687 dicit,
3707 3614 3773 3674 et
3817 3611 3898 3675 de

606 3715 884 3779 Saturno
920 3714 1186 3797 Opeque
1229 3714 1394 3778 Iovis
1434 3713 1810 3796 parentibus
1852 3712 2116 3793 longum
2174 3731 2536 3776 sermonem
2578 3714 2777 3779 nectit
2816 3714 3081 3779 Plautus
3124 3714 3355 3780 Cistell.
3399 3717 3453 3780 Π
3499 3719 3550 3796 1,
3599 3719 3677 3783 37
3717 3737 3895 3801 sqq.;

607 3824 785 3888 cuius
821 3822 942 3887 loci
985 3821 1168 3900 saleS,
1210 3822 1321 3903 qui
1367 3840 1443 3885 eo
1491 3820 1843 3884 consistunt
1885 3818 2061 3901 quod
2104 3817 2621 3884 Alcesimarchus
2662 3819 2929 3884 deorum
2973 3823 3420 3903 cognationem
3463 3825 3799 3906 perturbat
3837 3828 3903 3889 et

610 3949 650 3993 a
715 3929 1065 3994 Melaenide
1117 3928 1487 4008 corrigitur,
1546 3945 1945 4010 quamquam
1998 3926 2133 3990 iure
2191 3945 2233 3990 a
2274 3925 2557 3990 Jordano
2618 3926 2859 4007 (Herm.
2902 3927 3045 3992 XVI
3100 3949 3163 4011 p.
3207 3927 3354 4010 230)
3416 3949 3496 3993 ex
3554 3931 3902 4013 exemplari

609 4054 840 4115 graeco
897 4036 1295 4114 derivantur,
1365 4038 1585 4097 tamen
1637 4033 1913 4114 intellegi
1970 4052 2011 4097 a
2067 4032 2534 4115 spectatoribus
2581 4033 2894 4099 Romanis
2952 4055 3083 4099 non
3135 4039 3434 4117 poterant
3501 4037 3619 4100 nisi
3692 4037 3900 4120 Opem

608 4140 881 4204 eandem
924 4161 1059 4205 esse
1102 4145 1297 4223 atque
1340 4140 1591 4204 Rheam
1653 4139 1977 4203 arbitratis
1995 4139 2066 4220 ⁴).
2151 4158 2362 4221 neque
2416 4139 2543 4204 hoc
2587 4140 2822 4204 mirum
2877 4145 3005 4219 est,
3068 4142 3374 4223 quoniam
3412 4143 3669 4208 Rheam
3713 4144 3903 4209 deam

609 4248 737 4311 iam
777 4249 880 4311 sat
923 4247 1186 4328 antiquo
1228 4249 1520 4329 tempore
1562 4246 1627 4310 in
1674 4246 2118 4310 Romanorum
2177 4245 2475 4310 notitiam
2515 4247 2878 4328 pervenisse
2929 4248 3058 4311 iam
3114 4248 3339 4313 Rheae
3397 4250 3632 4315 Silviae
3683 4251 3904 4316 fabula

608 4354 1036 4430 demonstrat,
1093 4353 1174 4416 de
1230 4373 1361 4436 qua
1423 4353 1792 4418 conferendi
1854 4355 2006 4417 sunt
2060 4353 2504 4435 Schweglerus
2561 4353 2705 4418 hist.
2759 4355 2948 4419 Rom.
2994 4355 3022 4419 I
3080 4376 3145 4438 p.
3185 4356 3310 4421 428
3369 4361 3431 4421 et
3474 4357 3691 4423 Herm.
3735 4359 3905 4423 Diels

607 4461 900 4543 Sibyllin.
947 4459 1206 4525 Blatter
1242 4480 1303 4542 p.
1348 4462 1432 4525 94
1473 4480 1567 4542 sq.

800 4657 854 4723 3)
894 4654 1071 4709 Varro
1092 4653 1162 4709 de
1197 4653 1235 4708 1.
1258 4654 1296 4710 l.
1325 4653 1404 4708 VI
1425 4654 1511 4709 21.
1582 4670 1763 4722 neque
1799 4654 1911 4708 alia
1945 4670 2110 4708 cauea
2145 4657 2230 4708 est
2265 4671 2364 4708 cur
2401 4654 2673 4719 nonnulli,
2711 4671 2944 4723 quorum
2978 4656 3110 4711 fides
3147 4657 3284 4712 eatis
3321 4656 3478 4712 firma
3515 4673 3629 4712 esse
3668 4656 3784 4712 visa.
3820 4660 3906 4712 ent

610 4740 872 4797 Macrobii
910 4741 991 4796 111
1029 4742 1080 4806 9,
1114 4742 1145 4795 4
1183 4741 1429 4803 auctori,
1482 4741 1651 4810 Opem
1693 4738 1980 4795 Coneivam
2017 4739 2285 4795 haberent
2320 4758 2419 4811 pro
2456 4758 2657 4796 arcano
2696 4742 2945 4809 numine,
3002 4744 3060 4797 in
3098 4743 3256 4799 cuiue
3294 4743 3476 4798 tutela
3510 4743 3662 4798 urbis
3697 4742 3906 4799 Romae

612 4826 757 4878 salus
792 4827 969 4895 posita
1005 4843 1119 4882 esse
1157 4827 1498 4882 credebatur.
3151 4843 3158 4848 ·

611 4996 645 5049 d
764 4912 859 5051 Ι4)
902 4911 980 4966 Cf.
1018 4912 1188 4967 etiam
1232 4912 1419 4967 Plauti
1469 4912 1584 4969 mil.
1635 4912 1772 4983 glor.
1817 4911 1982 4977 1082,
2036 4912 2185 4968 Pers.
2225 4913 2326 4969 252
2367 4915 2426 4967 et
2460 4912 2750 4968 Euhemeri
2788 4913 3023 4970 Enniani
3066 4918 3329 4985 excerpta.
3379 4932 3415 4970 a
3452 4913 3743 4970 Lactantio
3775 4915 3905 4974 inst.

652 4995 720 5051 iv.
827 4998 888 5051 14
925 5002 1158 5053 servata.
