4942 6359
2623 513 2753 577 VIIl

1227 689 1473 755 Veteris
1515 689 1670 773 Opis
1715 689 2030 755 Consivae
2091 711 2249 755 num
2311 711 2479 774 quae
2536 692 2849 758 memoria
2918 694 2985 758 in
3043 694 3344 776 religione
3396 697 3616 779 populi
3693 699 4059 780 posterioris
4111 702 4339 766 aetatis

1030 798 1411 863 remanserit
1453 818 1584 862 non
1626 797 1810 862 facile
1849 799 2329 863 diiudicaveris:
2387 800 2542 864 nam
2584 800 2750 865 tituli
2789 799 2912 883 Opi
2971 801 3162 865 dicati
3205 802 3659 868 Praenestinus
3702 809 3765 869 et
3805 806 4105 870 Albensis
4151 807 4244 889 (C.
4289 809 4333 872 1.

1032 907 1098 970 L.
1138 904 1281 971 XIV
1316 906 1496 970 3007.
1542 905 1629 969 IX
1673 907 1866 981 39123
1924 906 2351 970 Aeserninum
2387 906 2475 970 IX
2517 907 2681 971 2633
2743 907 3030 971 consulto
3092 908 3300 989 omisi)
3367 914 3636 990 possunt
3690 911 3957 977 fortasse
4015 913 4101 976 ad
4159 913 4333 978 illam

1030 1013 1281 1091 referri;
1335 1032 1488 1078 arae
1531 1032 1683 1076 vero
1728 1012 1937 1076 idibus
1982 1012 2288 1094 Augustis
2328 1013 2483 1078 anni
2524 1033 2586 1096 p.
2634 1012 2785 1077 Chr.
2832 1014 2868 1077 7
2912 1013 3035 1096 Opi
3075 1014 3408 1096 Augustae
3460 1019 3523 1080 et
3567 1016 3780 1082 Cereri
3843 1019 4035 1082 matri
4080 1019 4144 1083 in
4188 1020 4331 1085 vico

1033 1121 1278 1202 iugario
1323 1121 1656 1185 dedicatae
1701 1120 1795 1201 (C.
1843 1119 1886 1184 Ι.
1931 1118 1998 1183 L.
2038 1120 2063 1183 1
2117 1140 2179 1202 p.
2219 1118 2364 1201 399)
2424 1120 2510 1184 ad
2570 1139 2870 1201 graecam
2930 1120 3121 1185 deam
3164 1123 3577 1204 spectabant3
3622 1142 3775 1187 nam
3818 1124 3922 1188 hic
3965 1124 4172 1207 Opem
4213 1147 4331 1209 pro

1030 1227 1283 1292 Tellure
1326 1227 1565 1291 cultam
1611 1246 1748 1291 esse
1795 1227 1982 1291 docet
2025 1226 2161 1290 eius
2202 1246 2347 1291 cum
2394 1226 2624 1292 Cerere
2672 1227 3053 1292 coniunctio,

2641 1536 2737 1631 II

1232 1695 1520 1760 Vidimus
1579 1695 1917 1759 numinum
1963 1695 2351 1760 sociatorum
2411 1695 2600 1760 Consi
2660 1694 2942 1777 Opisque
3001 1695 3188 1759 serias
3240 1695 3306 1759 in
3359 1696 3539 1760 fastis
3593 1697 3684 1760 ita
3741 1697 4074 1779 coniungi,
4135 1702 4208 1762 ut
4269 1704 4333 1764 et

1030 1803 1438 1886 Opiconsivia
1482 1807 1547 1868 et
1588 1803 1818 1886 Opalia
1861 1803 2182 1867 celebrata
2223 1802 2351 1866 sint
2380 1808 2531 1885 post
2565 1803 2730 1866 diem
2773 1803 3065 1883 quintum
3101 1801 3480 1879 Consualia,
3538 1802 3751 1867 triduo
3813 1804 3977 1868 inter
4021 1808 4330 1887 utrasque

1031 1911 1220 1976 ferias
1260 1911 1607 1974 interiecto.
1693 1909 1869 1994 quod
1929 1911 1994 1973 in
2051 1909 2355 1973 seriarum
2397 1910 2845 1973 Romanarum
2890 1909 3292 1973 ordinatione
3353 1909 3616 1973 minime
3660 1909 3981 1992 singulare
4026 1915 4154 1988 est,
4215 1913 4330 1977 sed

1034 2018 1466 2101 compluribus
1510 2018 1648 2082 aliis
1709 2017 2016 2099 exemplis
2055 2017 2368 2081 firmatur.
2452 2035 2608 2081 nam
2668 2035 2814 2080 cum
2857 2017 3291 2080 Mommsenus
3333 2016 3426 2098 (C.
3470 2016 3513 2080 Ι.
3560 2017 3627 2080 L.
3674 2016 3700 2080 I
3744 2038 3807 2100 p.
3854 2017 4002 2096 366)
4062 2019 4329 2083 demon-

1031 2126 1327 2190 straverit
1367 2126 1558 2188 ferias
1598 2144 1714 2207 per
1754 2123 1970 2206 plures
2005 2123 2139 2187 dies
2179 2127 2474 2188 extensas
2515 2142 2648 2188 non
2689 2123 3046 2187 continuari
3088 2122 3207 2186 nisi
3251 2142 3399 2187 cum
3441 2123 3789 2187 intervallis
3830 2123 4026 2207 idque
4066 2129 4329 2207 propter

1032 2233 1281 2299 numeri
1324 2232 1587 2314 imparis
1648 2231 1930 2295 studium
1973 2231 2041 2294 in
2087 2230 2262 2294 omni
2319 2230 2471 2294 anni
2520 2230 2800 2294 Romani
2844 2230 3257 2312 dispositione
3315 2231 3731 2312 conspicuum
3791 2231 4106 2305 evenisse,
4168 2232 4328 2296 haec

1031 2339 1392 2407 observatio
1433 2339 1523 2403 ita
1568 2339 1845 2421 suppleri
1887 2341 2130 2421 potest,
2192 2341 2264 2402 ut
2319 2338 2697 2420 plerumque
2750 2338 2915 2401 inter
2973 2337 3333 2419 complures
3376 2337 3510 2401 dies
3571 2337 3860 2415 feriatOS,
3921 2339 4032 2421 qui
4091 2341 4204 2404 aut
4244 2339 4331 2403 ad

1030 2450 1292 2514 easdem
1344 2446 1532 2510 ferias
1586 2446 1908 2528 pertinent
1965 2450 2079 2509 aut
2148 2445 2357 2509 eidem
2422 2445 2544 2509 deo
2605 2444 3008 2509 celebrantur
3077 2449 3191 2509 aut
3245 2444 3616 2509 numinibus
3682 2446 3848 2509 inter
3908 2466 3976 2510 se
4039 2447 4328 2528 cognatis

1030 2556 1344 2632 dicantur,
1387 2573 1516 2618 non
1559 2553 1788 2634 singuli
1832 2552 1966 2616 dies
2007 2552 2515 2633 interponantur,
2562 2552 2736 2634 quod
2778 2553 2914 2616 fieri
2956 2553 3248 2617 videmus
3288 2553 3352 2616 in
3385 2552 3668 2617 Lucariis
3710 2553 3820 2617 Iul.
3875 2555 3968 2618 19.
4017 2554 4091 2617 21
4147 2555 4326 2632 actiS,

1029 2663 1143 2728 sed
1182 2662 1413 2739 tridua,
1455 2661 1634 2725 cuius
1674 2680 1827 2725 usus
1870 2660 2232 2741 exemplum
2263 2659 2544 2724 maxime
2581 2659 2990 2741 perspicuum
3020 2660 3455 2724 Carmentalia
3495 2660 3787 2738 offerunt,
3833 2679 4001 2741 quae
4047 2666 4328 2741 aguntur

1028 2770 1160 2834 Ian.
1212 2771 1305 2833 11.
1356 2770 1433 2832 15
1455 2767 1540 2850 ⁶):
1610 2767 1942 2845 Lemuria,
2005 2786 2174 2848 quae
2214 2766 2419 2830 tribus
2465 2766 2690 2830 diebus
2732 2767 3203 2831 concluduntur
3245 2767 3390 2831 Mai.
3437 2768 3493 2831 9.
3545 2767 3637 2830 11.
3687 2769 3797 2844 13,
3861 2770 4076 2830 utram
4121 2767 4327 2847 legem

1029 2880 1381 2958 sequantur
1421 2875 1489 2939 in
1532 2875 1772 2938 incerto
1830 2877 1956 2949 est,
2016 2892 2161 2936 cum
2223 2872 2388 2936 inter
2442 2873 2724 2955 primum
2779 2873 3204 2957 ultimumque
3264 2874 3432 2938 diem
3493 2874 3725 2938 festum
3786 2873 4104 2948 triduum,
4162 2873 4328 2937 inter

1030 2983 1311 3064 singulos
1354 2980 1585 3062 singuli
1627 2980 1761 3044 dies
1802 2979 2111 3043 intersint.
2198 2979 2311 3043 sed
2354 2983 2705 3062 suppetunt
2746 2980 3040 3062 exempla
3096 2982 3239 3044 alia.
3326 3000 3545 3044 mense
3598 2980 3803 3062 Aprili
3861 2980 4074 3044 triduo
4131 2980 4326 3044 inter-

1028 3092 1193 3156 iecto
1236 3089 1639 3153 celebrantur
1678 3088 1925 3152 vicinae
1968 3086 2164 3150 feriae
2205 3086 2679 3151 Fordicidia
2723 3087 2876 3170 Apr.
2914 3089 3006 3151 15.
3052 3087 3420 3152 Cerialia
3461 3088 3616 3168 Apr.
3654 3089 3749 3164 19,
3794 3106 3962 3168 quae
4007 3087 4324 3151 artissimo

1030 3199 1450 3263 conectuntur
1489 3195 1777 3268 vinculo;
1836 3193 2210 3258 Fordicidiis
2250 3193 2421 3257 enim
2462 3193 2771 3257 Telluri
2811 3194 3142 3258 fordarum
3185 3196 3383 3258 boum
3438 3193 3821 3258 sacrificium
3875 3193 4011 3257 fieri
4058 3192 4326 3257 Ovidius

1028 3308 1301 3369 testatur
1345 3303 1484 3366 fast.
1528 3302 1611 3365 IV
1654 3302 1778 3365 634
1793 3350 1807 3378 ,
1864 3299 2133 3364 Telluris
2181 3303 2400 3364 autem
2443 3319 2592 3363 cum
2646 3300 2875 3364 Cerere
2932 3301 3060 3364 iam
3120 3302 3185 3364 in
3243 3304 3494 3365 vetusta
3534 3301 3981 3365 Romanorum
4021 3300 4326 3381 religione

1031 3416 1204 3476 certa
1248 3409 1632 3490 conspicitur
1681 3408 2085 3484 consociatiO,
2134 3407 2312 3470 cuius
2358 3407 2563 3470 multa
2596 3407 2829 3471 adferri
2864 3412 3129 3489 possunt
3156 3408 3538 3472 testimonia.
3624 3408 3714 3471 sic
3747 3408 3915 3472 feriis
3946 3407 4327 3472 Sementivis

1029 3523 1093 3583 et
1134 3516 1369 3582 Telluri
1416 3521 1480 3580 et
1520 3515 1734 3580 Cereri
1776 3515 2014 3578 flamen
2058 3513 2376 3577 sacrificat
2418 3533 2568 3577 cum
2609 3514 3012 3579 invocatione
3055 3514 3345 3578 omnium
3377 3516 3714 3578 numinum
3758 3533 3926 3596 quae
3968 3534 4127 3579 arva
4163 3515 4323 3578 tueri

1030 3624 1476 3701 credebantur,
1533 3628 1607 3687 ut
1647 3626 1873 3686 narrat
1911 3619 2176 3686 Ovidius
2219 3620 2360 3684 fast.
2382 3620 2546 3685 1671
2583 3642 2722 3704 sqq.
2759 3627 2822 3686 et
2864 3642 3056 3704 quem
3089 3622 3224 3685 iure
3257 3622 3383 3685 huc
3426 3622 3809 3685 rettulerunt
3831 3620 4068 3684 Fabius
4110 3621 4327 3684 Pictor

1029 3724 1206 3807 apud
1248 3724 1422 3787 Serv,
1467 3723 1744 3804 Georg.I
1786 3723 1899 3799 21;
1957 3743 2156 3805 porca
2196 3728 2645 3809 praecidanea,
2688 3747 3088 3811 quamquam
3129 3728 3288 3791 Cato
3332 3726 3412 3789 de
3457 3727 3594 3808 agri
3626 3726 3770 3790 cult.
3822 3727 3941 3789 134
3985 3729 4049 3789 et
4090 3725 4326 3788 Gellius

1028 3832 1109 3895 IV
1149 3832 1206 3907 6,
1253 3831 1293 3894 8
1343 3831 1547 3894 solam
1588 3831 1883 3895 Cererem
1926 3833 2296 3911 nominant,
2355 3838 2418 3898 et
2453 3836 2669 3900 Cereri
2732 3839 2796 3899 et
2837 3836 3073 3900 Telluri
3133 3833 3502 3898 immolatur
3559 3834 3912 3898 secundum
3969 3832 4324 3895 Varronem
4415 3847 4422 3856 ·

1031 3938 1137 4021 (de
1176 3938 1309 4002 vita
1347 3958 1409 4019 p.
1455 3937 1535 4001 R.
1570 3937 1651 4000 ΠΙ
1697 3937 1873 4018 apud
1911 3938 2073 4002 Non.
2120 3960 2179 4020 p.
2222 3942 2339 4004 163
2382 3939 2618 4022 Mero),
2660 3942 2824 4006 sicut
2865 3942 2933 4004 in
2980 3942 3349 4005 universum
3389 3940 3568 4022 porci
3610 3939 3993 4004 sacrificium
4035 3939 4326 4020 inprimis

1029 4046 1128 4109 his
1169 4045 1420 4109 duabus
1465 4043 1710 4108 deabus
1749 4046 2046 4109 convenit
2063 4045 2146 4126 6);
2210 4046 2486 4130 denique
2542 4048 2753 4113 idibus
2792 4047 3284 4125 Decembribus,
3345 4066 3474 4130 quo
3537 4047 3640 4110 die
3697 4066 3753 4109 a.
3800 4065 3860 4109 u.
3903 4045 4027 4109 486
4087 4045 4324 4110 Telluri

1029 4152 1222 4218 aedes
1263 4151 1329 4214 in
1371 4150 1619 4215 Carinis
1659 4151 1956 4216 dedicata
2000 4157 2125 4231 est,
2185 4159 2442 4236 praeter
2487 4155 2807 4220 Tellurem
2857 4155 3053 4219 etiam
3094 4153 3305 4219 Cereri
3350 4153 3452 4230 fit,
3510 4157 3574 4216 et
3633 4171 4031 4235 quamquam
4089 4153 4155 4216 in
4198 4151 4323 4217 hoc

1224 4385 1278 4450 5)
1323 4383 1498 4437 Video
1539 4384 1640 4438 hoc
1675 4401 1788 4438 non
1826 4384 2033 4453 fugisse
2055 4384 2377 4448 Usenerum,
2412 4384 2511 4452 qui
2546 4385 2682 4439 haec
2721 4385 2954 4438 adnotat
2991 4401 3125 4438 mus.
3163 4383 3338 4436 Rhen.
3375 4381 3527 4436 XXX
3567 4400 3613 4449 p.
3651 4381 3753 4433 222
3791 4399 3843 4434 n.
3881 4382 3939 4434 6:
4001 4381 4085 4434 Es
4117 4378 4324 4433 schcint

1026 4471 1086 4524 in
1123 4469 1228 4523 den
1262 4470 1546 4524 italischen
1585 4469 2073 4524 Sacralkalendern
2107 4472 2258 4525 nicht
2291 4471 2456 4525 selten
2489 4487 2727 4540 yewesen
2761 4488 2829 4524 zu
2866 4471 2999 4533 sein,
3037 4469 3166 4524 dass
3204 4469 3322 4523 dem
3363 4470 3524 4524 Festa
3560 4470 3705 4523 eines
3743 4468 3937 4522 Gottes
3973 4483 4060 4519 am
4097 4464 4321 4531 fitnften

1033 4556 1178 4625 Taya
1214 4558 1302 4608 ein
1334 4555 1563 4624 yleiches
1588 4555 1781 4625 folytc.
1854 4556 1972 4609 Der
2007 4557 2269 4611 romische
2308 4555 2591 4609 Kalender
2624 4557 2785 4610 bietet
2829 4558 2967 4611 noch
3020 4558 3257 4611 mehrere
3307 4557 3556 4611 ‹ihnlae'che
3595 4557 3756 4611 Mille
3801 4552 4196 4620 (Cau-mentatio
4232 4567 4322 4606 am

1027 4648 1106 4698 11.
1140 4641 1257 4696 und
1293 4646 1377 4696 15.
1409 4642 1558 4706 Jan„
1601 4641 1866 4696 Lemuria
1906 4659 1996 4695 am
2033 4647 2083 4698 9.
2122 4642 2237 4697 und
2269 4647 2353 4697 13.
2395 4641 2562 4708 Mai),
2599 4658 2704 4696 aus
2740 4640 2907 4696 denen
2942 4658 3069 4696 man
3099 4643 3311 4704 erdem,
3350 4641 3480 4696 dass
3515 4642 3694 4696 solche
3728 4639 3891 4695 Βαίου·
3922 4637 4015 4691 des
4051 4641 4101 4690 5.
4153 4636 4322 4705 Tages

1026 4730 1178 4784 nicht
1210 4730 1356 4783 blesa
1388 4729 1530 4782 nach
1566 4725 1670 4782 den
1706 4727 1845 4782 Iden
1880 4730 2132 4791 vorkam,
2186 4745 2339 4782 wcrm
2390 4728 2470 4782 aie
2520 4730 2660 4783 auch
2712 4727 2862 4782 donn
2908 4745 2999 4783 am
3051 4729 3360 4798 hdufiysten
3409 4729 3527 4784 sein
3573 4729 3793 4782 mochte.
3865 4726 3956 4778 sed
4010 4722 4128 4790 ipse
4171 4721 4322 4778 hanc

1029 4814 1463 4871 observationem
1503 4831 1612 4868 non
1653 4814 1801 4868 ultra
1837 4819 2156 4883 prosecutus
2195 4817 2295 4868 est.

1226 4901 1279 4968 6)
1344 4900 1482 4955 Vide
1544 4917 1688 4969 quae
1740 4902 2046 4971 composuit
2099 4901 2147 4956 J.
2207 4902 2533 4969 Marquardt
2588 4902 2745 4957 Rom.
2801 4891 3150 4958 Staatsverw.
3207 4901 3292 4956 111
3352 4919 3404 4969 p.
3452 4900 3553 4955 365
3607 4917 3661 4955 n.
3710 4900 3743 4952 2
3812 4901 3871 4953 et
3933 4897 4072 4951 adde
4128 4894 4319 4950 Horat.

1029 4987 1188 5056 epist.
1226 4986 1278 5041 11
1318 4989 1361 5049 1,
1401 4986 1516 5041 143.

4909 987 4919 1052 ...-
4887 211 4919 933 fflssd-..m-n‘-
4881 0 4919 184 ᾑ-Ᾰ
