4942 6359
226 188 687 288 bssqO‘aeL

239 410 559 500 325³

164 531 565 616 a-wqe

775 2271 982 2388 Fasti
1024 2323 1178 2388 anni
1206 2322 1485 2387 Romani
1529 2322 1958 2400 vetustissimi,
2003 2321 2226 2405 quales
2268 2341 2346 2386 ex
2386 2321 2832 2403 hemerologiis
2874 2321 3027 2386 anni
3063 2321 3288 2387 Iuliani
3328 2322 3493 2387 inter
3533 2322 3886 2388 Caesarem

584 2433 966 2497 dictatorem
1041 2435 1106 2495 et
1169 2429 1511 2495 Claudium
1580 2431 2034 2511 imperatorem
2103 2429 2297 2512 lapidi
2376 2428 2588 2493 incisis
2661 2428 3121 2493 reconcinnare
3184 2449 3300 2511 per
3362 2428 3887 2494 Theodorum

585 2540 1160 2605 Mommsenum
1202 2538 1413 2601 virum
1456 2536 2027 2619 incomparabilem
2069 2536 2241 2601 docti
2283 2556 2537 2613 sumuS,
2590 2555 2798 2618 paene
2842 2536 3211 2600 incredibile
3256 2540 3352 2600 est
3394 2540 3640 2619 quanto
3686 2555 3887 2619 opere

584 2666 741 2729 prae
778 2644 1175 2710 futtilissimis
1231 2644 1802 2726 grammaticorum
1843 2648 2309 2726 poetarumque
2352 2642 2730 2708 commentis
2770 2645 3157 2724 spernantur
3197 2644 3282 2707 ab
3330 2642 3403 2707 iis
3424 2693 3439 2719 ‚
3503 2643 3613 2725 qui
3655 2647 3882 2708 nostra

585 2756 797 2818 aetate
839 2752 906 2816 in
946 2751 1317 2832 indaganda
1359 2751 1678 2832 religionis
1717 2750 2056 2814 Romanae
2096 2750 2364 2815 historia
2404 2754 2758 2814 versantur.
2845 2769 3017 2814 vana
3058 2750 3229 2814 enim
3272 2770 3386 2832 spe
3428 2751 3678 2832 decepti
3746 2750 3888 2815 fieri

584 2879 789 2942 posse,
829 2864 902 2924 ut
943 2859 1024 2923 de
1065 2858 1376 2937 Evandri,
1419 2857 1473 2921 si
1514 2856 1611 2922 dis
1652 2857 1880 2939 placet,
1923 2857 2312 2940 Romulique
2349 2855 2759 2938 religionibus
2794 2860 3037 2944 certam
3076 2856 3514 2938 concipiamus
3553 2857 3871 2934 notitiam,

584 2986 626 3031 a
668 2965 971 3030 Varronis
1008 2965 1338 3048 Verriique
1375 2964 1474 3028 vel
1533 2963 1698 3028 adeo
1739 2963 1949 3028 Ovidii
1991 2963 2467 3028 narrationibus
2506 2962 2799 3045 profecti,
2860 2963 2910 3026 si
2954 2982 3123 3046 quae
3170 2963 3358 3027 nimis
3398 2963 3676 3028 absurde
3724 2962 3878 3027 ficta

584 3093 721 3137 esse
762 3076 943 3155 patet
985 3072 1357 3137 desecantes
1373 3121 1388 3148 ‚
1445 3072 1510 3135 in
1551 3070 1921 3134 universum
1962 3069 2063 3134 his
2104 3071 2289 3134 bonis
2326 3071 2658 3153 doctisque
2706 3070 2857 3134 viris
2907 3069 3101 3134 fidem
3158 3090 3288 3134 non
3328 3070 3692 3152 negandam
3739 3089 3877 3133 esse

584 3182 847 3244 censent
884 3183 1079 3262 atque
1135 3199 1214 3242 ex
1255 3178 1519 3242 arbitrio
1562 3196 1786 3241 eorum
1830 3177 2268 3259 opinionibus,
2330 3181 2525 3259 prout
2581 3178 2865 3260 ipsorum
2904 3177 3154 3260 placitis
3206 3181 3321 3242 aut
3369 3177 3715 3241 concinunt
3762 3179 3877 3240 aut

584 3285 1040 3364 adversantur,
1100 3285 1548 3349 auctoritatem
1600 3284 1796 3349 modo
1855 3284 2146 3348 tribuunt
2202 3284 2395 3348 modo
2449 3283 2745 3348 demunt:
2804 3285 2894 3348 ita
2949 3288 3238 3348 veterum
3281 3283 3660 3348 coniecturis
3700 3282 3876 3347 omni

583 3391 1004 3456 fundamento
1043 3391 1409 3456 carentibus
1449 3410 1600 3455 suas
1655 3395 2162 3474 superstruentes
2204 3390 2422 3474 ampla
2468 3391 2756 3455 condunt
2814 3390 3167 3466 volumina,
3225 3391 3460 3473 quibus
3514 3409 3676 3472 quos
3722 3389 3877 3454 deos

585 3503 737 3563 ante
777 3498 1059 3563 Romam
1100 3497 1428 3562 conditam
1472 3497 1787 3561 coluerint
1830 3497 1999 3561 cives
2042 3498 2151 3580 qui
2191 3497 2482 3562 nondum
2522 3501 2710 3562 erant
2744 3498 3024 3562 Romani
3079 3501 3144 3562 et
3184 3497 3339 3580 quid
3381 3497 3537 3561 Iuno
3578 3496 3869 3561 fabulata

585 3606 668 3670 sit
704 3624 853 3670 cum
895 3606 1044 3670 Iove
1087 3624 1204 3668 nos
1246 3604 1576 3668 edoceant.
1664 3623 1780 3668 nos
1816 3604 1978 3668 haec
2019 3623 2228 3687 neque
2268 3605 2506 3669 scimus
2535 3625 2744 3688 neque
2778 3606 2939 3669 scire
2972 3605 3359 3682 laboramuS,
3405 3624 3554 3668 cum
3595 3604 3719 3669 hoc
3746 3623 3865 3686 pro

585 3712 916 3794 explorato
947 3710 1323 3788 habeamus,
1361 3710 1441 3774 de
1471 3730 1550 3774 ea
1579 3709 1898 3791 religionis
1918 3711 2255 3775 Romanae
2284 3715 2515 3788 aetate,
2559 3730 2727 3794 quae
2760 3710 3065 3775 feriarum
3099 3711 3567 3776 ordinationem
3599 3712 3665 3774 in
3699 3710 3880 3775 fastis

586 3818 972 3901 descriptam
1014 3817 1371 3900 praecedit,
1430 3817 1749 3881 neminem
1794 3820 2084 3881 veterum
2142 3817 2341 3882 ullam
2380 3818 2682 3883 habuisse
2723 3818 3019 3883 notitiam
3037 3868 3052 3897 ‚
3112 3818 3203 3883 ita
3245 3823 3317 3883 ut
3358 3818 3442 3882 ab
3495 3818 3571 3882 iis
3613 3818 3878 3882 omnino

583 3924 742 3988 nihil
783 3925 938 3989 disci
981 3925 1181 4007 possit
1222 3928 1285 3988 et
1333 3923 1552 3987 omnia
1591 3924 1657 3987 in
1698 3928 1920 3988 nostra
1962 3924 2328 3989 coniectura
2356 3926 2563 4007 posita
2602 3926 2747 4003 sint,
2793 3944 2961 4007 quae
2994 3929 3210 3990 utrum
3243 3926 3551 4007 probetur
3583 3930 3876 3989 veterum

588 4035 925 4095 auctorum
983 4030 1360 4095 commentis
1410 4050 1613 4094 necne
1676 4030 1762 4094 nil
1818 4030 2080 4095 adtinet.
2158 4031 2272 4095 sed
2332 4032 2528 4095 etiam
2580 4033 2716 4096 eius
2756 4032 2934 4115 quod
2989 4031 3118 4096 dixi
3163 4033 3336 4110 aevi,
3392 4052 3522 4116 quo
3563 4031 3870 4096 feriarum

586 4137 927 4202 laterculus
969 4138 1353 4201 constitutus
1392 4140 1505 4214 est,
1549 4136 1671 4200 hoc
1716 4156 1924 4218 paene
1966 4138 2229 4202 unicum
2272 4143 2562 4220 superest
2601 4139 2922 4204 sincerum
2953 4139 3442 4203 documentum:
3487 4137 3660 4203 unde
3705 4157 3876 4220 quae

587 4244 888 4308 discimus
926 4243 1303 4325 supplentur
1341 4241 1478 4307 sola
1516 4242 1649 4307 fere
1689 4243 2191 4308 sacerdotiorum
2235 4265 2297 4327 p.
2340 4245 2418 4308 R.
2461 4246 2719 4324 notitia,
2765 4264 3038 4328 quorum
3083 4245 3446 4310 constitutio
3490 4244 3577 4309 ad
3620 4250 3879 4327 tempus

586 4369 718 4414 non
755 4349 958 4414 multo
989 4350 1201 4413 minus
1240 4354 1560 4414 remotum
1590 4354 1784 4433 atque
1826 4350 2143 4415 ordinatio
2171 4352 2324 4416 anni
2354 4352 2688 4417 referenda
2712 4352 2981 4429 videtur,
3027 4371 3176 4416 cum
3209 4352 3447 4416 liberae
3476 4351 3878 4434 reipublicae

585 4461 799 4522 aetate
837 4476 1009 4521 nova
1051 4457 1410 4522 sacerdan
1450 4477 1579 4521 non
1620 4458 1827 4539 magis
1872 4458 1999 4521 sint
2041 4457 2282 4536 addita,
2327 4479 2529 4542 quam
2573 4477 2781 4524 novae
2821 4458 3018 4523 feriae
3056 4458 3236 4524 fastis
3278 4459 3584 4522 insertae:
3628 4458 3867 4523 etenim

587 4584 755 4646 quae
789 4563 925 4629 sola
968 4567 1363 4628 memoratur
1395 4564 1682 4645 exceptio
1720 4563 1979 4628 firmare
2008 4564 2214 4646 magis
2250 4565 2503 4630 videtur
2534 4565 2740 4646 legem
2767 4584 2968 4648 quam
2999 4584 3315 4649 rumpere,
3361 4584 3511 4629 cum
3540 4564 3877 4646 collegium

585 4670 665 4733 III
678 4671 887 4735 virum
931 4670 1295 4753 Epulonum
1338 4689 1512 4734 anno
1554 4690 1617 4735 u.
1650 4691 1702 4735 c.
1735 4672 1859 4736 558
1902 4671 2232 4736 conditum
2273 4675 2409 4736 tam
2452 4678 2591 4737 arte
2636 4673 2981 4738 cohaereat
3022 4692 3170 4737 curn
3215 4671 3640 4754 pontificibus
3684 4676 3758 4737 ut
3816 4672 3893 4736 iis
3975 4738 3989 4758 ,

589 4776 815 4840 eadem
857 4777 1105 4841 ratione
1148 4776 1441 4842 additum
1487 4777 1585 4854 sit,
1628 4796 1704 4841 ac
1748 4778 1800 4841 si
1834 4778 2076 4860 collegii
2120 4798 2424 4843 numerus
2456 4779 2773 4844 adauctus
2809 4783 2990 4843 esset.
3078 4798 3245 4862 quae
3276 4782 3612 4861 praeterea
3651 4798 3878 4861 super-

586 4885 739 4946 sunt
797 4883 983 4947 huius
1039 4887 1330 4948 vetustae
1387 4883 1705 4964 religionis
1760 4885 2123 4949 testimonia
2169 4884 2512 4950 exilissima
2565 4890 2746 4950 sunt:
2821 4905 2978 4950 nam
3037 4904 3438 4969 quamquam
3497 4884 3620 4949 hoc
3683 4904 3877 4949 nemo

585 4987 880 5069 negabit,
939 4989 1005 5053 in
1048 4989 1352 5054 Varronis
1407 4988 1806 5073 aliorumque
1862 4991 2037 5055 libris
2092 4991 2173 5055 de
2226 4993 2424 5057 sacris
2479 4993 2845 5058 nominibus
2898 4998 2962 5057 et
3007 4993 3088 5057 de
3148 4992 3550 5058 caerimoniis
3591 4992 3874 5074 antiquis

3506 5098 3574 5150 1⁸
