4942 6359
2621 511 2763 577 XIV

1038 710 1177 756 aese
1218 693 1442 756 narrat
1482 689 1845 754 Macrobius
1885 689 1912 753 I
1953 691 2013 767 9,
2057 690 2132 754 16
2174 693 2240 754 et
2286 690 2385 769 15,
2427 691 2522 755 19.
2605 691 2823 774 itaque
2881 691 3005 757 hoc
3064 709 3322 773 quoque
3380 709 3634 755 sacrum
3692 691 3857 757 sicut
3909 690 4220 758 Carnaria
4275 699 4339 760 et

1038 793 1286 880 reliqua
1330 816 1499 879 quae
1543 799 1696 861 ante
1737 796 2089 861 memoravi
2107 845 2122 873 ,
2179 816 2581 880 quamquam
2622 798 2690 861 in
2733 797 3319 879 hemerologiorum
3363 797 3653 879 partibus
3710 799 4166 881 antiquissimis
4207 819 4339 866 non

1038 904 1405 970 indicantur
1419 953 1436 983 ,
1494 903 1864 968 addendum
1903 902 2024 967 erit
2065 903 2369 968 feriarum
2417 903 2570 968 anni
2615 903 3064 969 Romanorum
3107 904 3516 969 vetustissimi
3555 905 3815 970 tabulae
3862 926 3903 970 a
3942 907 4337 973 Mommseno

1041 1012 1111 1076 C.
1157 1011 1200 1075 Ι.
1243 1011 1312 1075 L.
1355 1011 1382 1075 I
1423 1030 1486 1093 p.
1530 1012 1652 1075 375
1694 1010 2103 1092 compositae.

2622 1257 2772 1354 IV

1236 1409 1593 1474 Volcanum
1621 1409 1797 1491 quod
1824 1407 2125 1473 infestum
2155 1409 2350 1474 deum
2380 1429 2579 1492 supra
2621 1408 2707 1491 (p.
2741 1409 2875 1490 Vll)
2920 1409 3049 1474 dixi
3092 1409 3316 1492 paucis
3359 1409 3425 1474 in
3466 1409 3595 1474 fine
3631 1410 4188 1475 commentationis
4230 1434 4335 1479 ex-

1041 1518 1281 1602 plicare
1340 1517 1601 1582 iuvabit„
1701 1535 2078 1599 persuasum
2145 1516 2317 1580 enim
2380 1515 2593 1581 habeo
2659 1516 2922 1580 Volcani
2998 1516 3367 1598 religionem
3430 1517 3800 1582 Romanam
3876 1518 4194 1583 sinceram
4254 1522 4338 1585 ab

1037 1622 1403 1706 Ἡφαίστου
1445 1642 1677 1705 graeca
1719 1642 1796 1687 eo
1837 1622 2158 1688 diversam
2199 1623 2391 1688 fuisse
2409 1673 2424 1701 ,
2485 1623 2662 1706 quod
2704 1643 2836 1688 non
2878 1623 3074 1688 aliam
3117 1623 3201 1687 ob
3248 1642 3512 1687 causam
3555 1624 3748 1687 deum
3789 1624 4045 1707 publice
4079 1646 4342 1692 venera-

1040 1732 1281 1796 bantur
1321 1730 1442 1795 nisi
1481 1734 1553 1795 ut
1593 1750 1669 1795 eo
1710 1730 1969 1813 placato
2009 1735 2073 1794 et
2113 1730 2369 1796 favente
2413 1731 2607 1795 noxia
2649 1730 3093 1795 incendiorum
3122 1731 3235 1807 viS,
3283 1731 3386 1795 cui
3429 1730 3564 1813 ipse
3605 1750 3900 1812 praeesse
3937 1733 4338 1813 credebatur,

1008 1838 1531 1922 „propellereturt
1577 1837 1756 1901 cuius
1794 1838 1887 1901 rei
1927 1841 1990 1902 et
2033 1839 2225 1903 aedes
2271 1837 2372 1902 dei
2408 1841 2591 1902 extra
2638 1837 2999 1919 pomerium
3038 1836 3373 1902 conlocata
3414 1837 3876 1902 documentum
3921 1842 4018 1903 est
4058 1875 4138 1884 —-
4182 1860 4340 1906 nam

1043 1946 1216 2009 recte
1254 1944 1381 2008 hoc
1422 1963 1497 2009 eo
1542 1944 1802 2009 consilio
1842 1943 2087 2009 sactum
2130 1963 2266 2010 esse
2308 1945 2398 2010 ait
2426 1945 2751 2009 Vitruvius
2772 1944 2799 2008 I
2824 1944 2937 2022 7,1
2975 1948 3046 2007 ut
3089 1942 3347 2007 Volcani
3388 1944 3451 2007 vi
3494 1965 3525 2008 c
3567 1944 3888 2009 moenibus
3930 1947 4339 2027 religionibus

1045 2056 1103 2116 et
1141 2051 1474 2133 sacrificiis
1514 2056 1766 2116 evocata
1820 2051 1899 2116 ab
1954 2052 2177 2115 timore
2232 2051 2670 2116 incendiorum
2725 2051 3020 2131 aedificia
3074 2049 3414 2114 videantur
3456 2050 3719 2115 liberari
3763 2086 3845 2096 —
3893 2056 3958 2116 et
4014 2072 4198 2117 sacra
4252 2056 4337 2119 ab

1047 2160 1340 2240 Augusto
1381 2159 1445 2222 et
1483 2157 1848 2222 Domitiano
1892 2157 2385 2240 imperatoribus
2425 2158 2864 2223 incendiorum
2893 2158 3314 2223 arcendorum
3348 2177 3545 2221 causa
3582 2157 3720 2239 ipso
3752 2158 4196 2224 Volcanalium
4238 2161 4339 2226 die

1046 2265 1212 2345 Aug.
1258 2264 1339 2328 23
1393 2263 1684 2328 instituta
1709 2262 1783 2345 ¹⁴)
1849 2267 1914 2328 et
1970 2264 2402 2328 dedicationes
2446 2285 2488 2329 a
2539 2265 2862 2346 magistris
2918 2264 3206 2329 vicorum
3267 2263 3360 2346 (C.
3405 2265 3449 2329 I.
3493 2265 3561 2329 L.
3607 2264 3687 2329 VI
3729 2267 3870 2330 801.
3919 2266 4068 2348 802)
4128 2271 4244 2332 aut
4300 2288 4340 2334 a

1047 2371 1341 2453 vigilibus
1376 2369 1470 2453 (C.
1517 2371 1560 2435 Ι.
1604 2370 1673 2434 L.
1717 2370 1800 2434 VI
1843 2370 1987 2452 798)
2031 2371 2258 2435 factae.
2343 2391 2553 2454 neque
2594 2372 2844 2436 infensa
2884 2372 2986 2436 dei
3027 2375 3263 2436 natura
3305 2391 3436 2436 non
3478 2373 3862 2453 agnoscitur,
3922 2393 4069 2439 cum
4115 2374 4342 2439 Volca-

1045 2477 1299 2542 nalibus
1337 2496 1454 2560 per
1493 2477 1698 2560 pisces
1738 2478 1917 2541 vivos
1956 2478 2023 2541 in
2065 2478 2279 2559 ignem
2321 2478 2643 2543 coniectos
2689 2479 2982 2561 placatur
3030 2479 3103 2560 (F
3106 2483 3218 2543 est.
3263 2498 3325 2561 p.
3367 2479 3507 2543 238.
3570 2479 3774 2543 Varro
3820 2480 3901 2544 de
3942 2481 3982 2544 l.
4025 2481 4065 2545 l.
4111 2481 4194 2545 VI
4233 2481 4339 2562 20)

1044 2584 1307 2666 ipseque
1365 2584 1530 2648 inter
1585 2604 1663 2648 ea
1716 2585 1984 2648 numina
2046 2584 2326 2666 primum
2368 2585 2584 2649 locum
2638 2589 2844 2663 tenet,
2907 2586 3139 2667 quibus
3194 2589 3342 2667 post
3401 2585 3731 2650 victoriam
3794 2587 4001 2668 spolia
4059 2587 4341 2653 hostium

1048 2690 1318 2755 cremari
1360 2691 1458 2754 fas
1498 2695 1625 2766 est;
1681 2711 1810 2774 quo
1868 2692 1948 2756 de
1996 2692 2125 2756 ritu
2182 2692 2371 2756 valde
2427 2695 2601 2756 errat
2638 2692 2954 2757 Prellerus
3001 2691 3204 2775 myth.
3253 2692 3442 2756 Rom.
3489 2693 3543 2756 Π
3596 2713 3657 2775 p.
3709 2694 3826 2758 152
3864 2714 3958 2776 sq.
4018 2694 4180 2759 haec
4224 2697 4340 2761 ad-

1042 2801 1307 2863 notans:
1371 2817 1436 2862 es
1466 2799 1562 2868 ‚sei
1600 2797 1769 2862 denn
1811 2797 1967 2862 dass
2010 2798 2174 2862 auch
2215 2799 2398 2863 dabei
2442 2799 2564 2863 das
2609 2797 2774 2863 Bild
2814 2799 2925 2864 des
2962 2799 3295 2880 ybttlichen
3350 2797 3956 2881 Waffensohmiedes
3996 2803 4088 2866 im
4131 2801 4337 2883 Spiele

1046 2925 1210 2982 war,
1266 2907 1639 2986 weniystens
1694 2904 1845 2969 sind
1889 2925 1953 2969 es
2001 2907 2223 2970 immer
2288 2905 2568 2989 Waffen,
2625 2904 2849 2971 welche
2898 2905 3037 2970 dem
3103 2904 3350 2970 Vulcan
3401 2906 3499 2970 bei
3553 2905 3805 2972 solchen
3863 2906 4339 2990 Geleqenheiten

1040 3011 1301 3094 yeweiht
1341 3011 1608 3077 werden.
1695 3011 2048 3077 Volcanum
2091 3013 2260 3077 enim
2303 3013 2370 3077 in
2427 3017 2682 3078 vetusta
2722 3013 3170 3077 Romanorum
3212 3013 3514 3094 religione
3558 3033 3677 3096 pro
3731 3014 3917 3079 fabro
3959 3015 4224 3081 ferrario
4277 3022 4342 3082 et

1046 3137 1376 3182 armorum
1410 3118 1655 3183 artifice
1691 3118 1986 3183 habitum
2027 3140 2163 3185 esse
2204 3120 2467 3184 omnino
2512 3120 2882 3201 negandum
2921 3119 3192 3198 videtur,
3238 3121 3534 3203 quamvis
3573 3121 3742 3185 haec
3790 3122 4005 3204 opinio
4051 3123 4339 3190 omnium

1042 3223 1175 3290 fere
1228 3226 1512 3290 virorum
1570 3225 1905 3290 doctorum
1923 3275 1937 3304 ,
1992 3247 2029 3291 e
2080 3226 2314 3309 quibus
2373 3246 2575 3291 unum
2631 3227 2926 3291 dubitare
2984 3226 3170 3290 video
3228 3226 3583 3291 «Iordanum
3635 3225 3760 3308 (ad
3820 3228 4081 3293 Prelleri
4134 3230 4336 3313 myth.

1044 3332 1233 3397 Rom.
1275 3332 1330 3396 H
1368 3351 1429 3414 p.
1477 3332 1595 3397 148
1651 3352 1713 3397 n.
1756 3330 1823 3414 4)
1843 3382 1857 3410 ,
1915 3351 2227 3398 consensu
2284 3334 2628 3399 sanciatur.
2714 3333 2826 3416 qui
2881 3334 3132 3398 duobus
3184 3334 3476 3399 nituntur
3527 3336 3952 3416 argumentiS,
4011 3336 4339 3402 Mulciberi

1046 3438 1423 3520 cognomine
1468 3442 1533 3503 et
1571 3439 1941 3503 Tubilustrii
1982 3440 2150 3504 feriis
2173 3440 2319 3505 Mai.
2357 3441 2438 3505 23
2466 3440 2748 3506 Volcano
2793 3441 3098 3505 tubarum
3144 3440 3529 3519 fabricatori,
3574 3443 3646 3506 ut
3689 3445 3939 3524 putant,
3987 3443 4335 3508 celebratis,

1043 3545 1159 3610 sed
1200 3542 1626 3611 Mulciberum
1665 3545 1908 3610 dictum
1951 3565 2086 3610 esse
2148 3548 2257 3629 qui
2311 3547 2552 3612 ferrum
2606 3548 2852 3613 molliat
2900 3551 3124 3613 contra
3176 3548 3701 3613 consuetudinem
3769 3549 4025 3630 linguae
4080 3549 4335 3628 latinae,

1044 3670 1210 3733 quae
1267 3653 1536 3716 verbum
1588 3651 1910 3717 mulcendi
1967 3653 2058 3716 ita
2113 3654 2421 3719 adhibere
2478 3655 2710 3732 nescit,
2784 3654 3089 3736 suspicati
3142 3658 3292 3720 sunt
3349 3655 3750 3736 grammatici
3812 3658 4059 3719 veteres
4121 3655 4333 3736 (Paul.

1045 3777 1107 3841 p.
1158 3759 1293 3837 144,
1338 3778 1617 3841 quocum
1662 3759 1737 3823 cf.
1781 3755 1975 3824 Macr.
2020 3760 2102 3824 VI
2145 3763 2202 3839 5,
2245 3762 2301 3825 2.
2376 3762 2553 3826 SerV.
2600 3763 2761 3826 Aen.
2799 3761 2935 3825 VIII
2979 3761 3153 3842 724);
3207 3762 3404 3825 immo
3446 3761 3607 3824 haec
3644 3780 3770 3824 vox
3815 3760 4048 3824 eadem
4089 3761 4335 3826 ratione

1047 3865 1323 3930 formata
1364 3884 1493 3947 qua
1531 3865 1731 3947 faber,
1777 3867 2162 3942 candelaber,
2202 3869 2395 3932 deum
2431 3869 2748 3950 significat
2789 3868 2900 3950 qui
2931 3868 3157 3957 'ignem
3195 3867 3498 3945 mulceat,
3541 3866 3726 3930 sicuti
3769 3867 3943 3948 apud
3988 3867 4336 3949 Vergilium

1045 3970 1207 4035 Aen.
1245 3972 1272 4036 I
1313 3973 1394 4035 66
1433 3972 1670 4050 Aeolus
1713 3973 1943 4038 dicitur
1980 3974 2211 4039 fluctus
2255 3975 2571 4039 mulcere:
2620 3975 2720 4040 cui
2767 3974 2959 4055 igitur
3002 3973 3334 4038 dedicatur
3377 3972 3597 4037 titulus
3626 3973 3967 4037 Brixiensis
3998 3972 4068 4037 C.
4103 3974 4147 4038 Ι.
4184 3974 4251 4038 L.
4284 3974 4336 4037 V

1044 4078 1210 4143 4295
1245 4078 1588 4161 Volk(ano)
1624 4081 1766 4144 miti
1801 4082 1932 4146 slve
1972 4083 2305 4147 mulcibero
2330 4083 2503 4146 idem
2540 4082 2923 4163 intellegitur
2962 4084 3159 4164 atque
3203 4080 3516 4145 Volcanus
3549 4081 3815 4161 quietae,
3860 4099 4054 4162 quem
4087 4081 4340 4145 Romae

1048 4205 1179 4249 una
1222 4204 1370 4250 cum
1411 4186 1595 4250 Stata
1631 4191 1840 4252 matre
1882 4192 2267 4253 venerantur
2320 4189 2610 4270 magistri
2663 4188 2952 4253 vicorum
2994 4186 3088 4268 (C.
3133 4188 3177 4251 1.
3221 4188 3288 4251 L.
3334 4187 3416 4250 VI
3456 4187 3624 4268 802).
3709 4186 4338 4252 Tubilustrium

1046 4312 1199 4356 vero
1240 4292 1302 4357 X
1342 4292 1464 4357 kal.
1513 4292 1648 4357 Iun.
1692 4294 1955 4359 Volcani
1997 4295 2185 4359 ferias
2232 4315 2369 4360 esse
2423 4315 2543 4377 ego
2596 4315 2678 4359 ne
2720 4296 3029 4359 fastorum
3072 4294 3334 4376 quidem
3373 4293 3841 4358 Venusinorum
3890 4297 3954 4358 et
3994 4294 4338 4358 Amiterni-

1045 4418 1279 4463 norum
1335 4399 1734 4464 adnotationi
1791 4401 2167 4466 crediderim
2187 4452 2202 4481 ,
2260 4403 2500 4467 nedum
2558 4402 2945 4484 persuadeat
2984 4400 3251 4464 Ovidius
3303 4401 3444 4465 fast.
3489 4400 3544 4462 V
3589 4401 3710 4465 725
3766 4400 3983 4465 dicens
4032 4400 4337 4464 Proxima

1036 4505 1325 4615 ‘Volcani
1364 4505 1480 4570 luce
1519 4512 1642 4588 est;
1700 4508 2063 4573 tubilustria
2105 4508 2355 4573 dicant:
2417 4508 2816 4572 Lustrantur
2855 4529 3090 4588 purae,
3156 4527 3316 4593 quas
3371 4505 3531 4586 facit
3573 4508 3710 4584 ille,
3775 4507 3975 4571 tubae.
4057 4526 4212 4571 nam
4267 4512 4337 4572 ut

1247 4722 1333 4789 14)
1372 4721 1451 4775 De
1473 4721 1652 4790 priore
1686 4738 1841 4777 sacro
1863 4721 1984 4776 vide
2012 4738 2154 4790 quae
2179 4723 2362 4778 Herm.
2383 4722 2568 4776 XXVI
2605 4740 2657 4791 p.
2694 4724 2783 4775 141
2828 4740 2881 4775 n.
2911 4723 3035 4790 let
3070 4738 3240 4791 supra
3276 4739 3326 4790 p.
3357 4720 3463 4774 VII
3502 4719 3786 4784 adnotavi,
3824 4718 4061 4773 alterum
4098 4720 4339 4773 testatur

1047 4806 1246 4862 titulus
1282 4806 1522 4861 urbanus
1554 4808 1611 4862 in
1660 4808 1802 4863 colle
1837 4808 2107 4873 Quirinali
2151 4814 2397 4879 repertus
2435 4810 2492 4864 G.
2531 4809 2570 4863 1.
2608 4808 2664 4862 L.
2702 4807 2778 4862 VI
2814 4809 2943 4870 826,
2997 4808 3063 4861 de
3103 4825 3214 4875 quo
3262 4808 3623 4862 conferendus
3658 4808 3741 4860 est
3791 4805 3855 4860 R.
3893 4804 4154 4859 Lanciani
4190 4807 4335 4861 Ball.

1049 4896 1199 4949 arch.
1239 4910 1371 4949 com.
1408 4893 1567 4949 XVII
1605 4894 1739 4949 1889
1789 4913 1839 4965 p.
1875 4895 1974 4950 331
2012 4914 2140 4965 sqq.
2188 4896 2285 4964 qui
2330 4894 2479 4951 idem
2531 4895 2807 4950 verissime
2862 4895 3076 4950 monuit.
3125 4895 3334 4965 (Notis.
3385 4894 3437 4949 d.
3487 4893 3639 4948 scaci
3665 4892 3810 4947 -1880
3863 4910 3913 4961 p.
3951 4892 4076 4962 475)
4125 4892 4335 4948 cultum

1047 4977 1287 5034 Volcani
1321 4979 1626 5036 Ostiensem
1665 4997 1728 5036 00
1763 4981 1989 5037 consilio
2026 4982 2342 5037 institutum
2379 4998 2524 5050 esse,
2571 4986 2637 5036 ut
2674 4982 2810 5036 deus
2845 4982 3030 5052 ignem
3069 4982 3140 5035 ab
3189 4980 3397 5035 horreis
3431 4985 3490 5034 et
3525 4978 3816 5034 navalibus
3851 4977 4188 5033 defenderet.
