4942 6359
2701 585 2762 651 X

1080 762 1283 827 Paulo
1341 782 1405 845 p.
1463 763 1587 827 220
1644 763 1914 828 credidit
1968 783 2180 847 neque
2235 763 2396 828 vidit
2452 761 2623 829 hanc
2682 763 3051 847 opinionem
3106 764 3263 829 nihil
3321 783 3458 829 esse
3516 765 3636 830 nisi
3697 786 3898 831 unam
3952 787 3988 832 e
4043 769 4377 851 permultis

1087 868 1464 934 coniecturis
1512 870 1657 953 plus
1710 870 2001 934 minusve
2056 869 2352 934 absurdis
2368 919 2383 947 ,
2457 889 2622 952 quas
2680 870 2766 935 ad
2838 871 3429 953 interpretationem
3498 872 3661 937 sacri
3725 872 4049 939 intellectu
4104 874 4375 941 difficilis

1089 976 1493 1065 grammatici
1535 979 1781 1041 veteres
1822 976 2345 1057 excogitaverunt
2389 975 2578 1058 (Fest.
2621 998 2683 1060 p.
2720 978 2855 1042 178.
2886 976 3050 1042 Ρ1111.
3079 977 3154 1056 Q.
3183 978 3263 1042 R.
3295 977 3402 1059 97)
3448 978 3723 1062 indeque
3760 981 3965 1045 solum
4008 981 4369 1061 confictam,

1088 1082 1264 1165 quod
1305 1083 1453 1164 equi
1490 1083 1867 1165 priusquam
1919 1082 2384 1149 sacrificaretur
2425 1083 2656 1149 collum
2696 1085 2974 1167 panibus
3013 1085 3308 1150 redimire
3362 1085 3681 1150 solebant:
3736 1106 3865 1169 quo
3917 1108 3995 1153 ex
4044 1088 4173 1152 ritu
4213 1089 4371 1154 nihil

1087 1188 1292 1269 colligi
1333 1208 1521 1271 posse
1579 1189 1753 1271 quod
1809 1208 2073 1255 causam
2114 1195 2547 1275 naturamque
2605 1192 2770 1257 sacri
2812 1190 3095 1257 declaret
3133 1191 3264 1256 iam
3307 1211 3385 1257 eo
3424 1196 3634 1274 patet,
3686 1193 3862 1276 quod
3902 1194 4129 1260 eadem
4169 1197 4370 1261 caeri-

1084 1295 1303 1360 monia
1344 1296 1541 1360 etiam
1583 1295 1650 1360 in
1693 1296 1832 1361 aliis
1866 1295 2191 1361 sacrificiis
2232 1316 2354 1361 usu
2391 1297 2569 1362 venit
2587 1348 2601 1376 ,
2667 1298 2901 1380 quibus
2957 1298 3115 1362 nihil
3157 1318 3306 1363 cum
3355 1299 3613 1381 frugum
3654 1304 3888 1365 eventu
3929 1319 4063 1364 6556
4101 1308 4367 1381 constat,

1080 1422 1139 1466 v.
1187 1422 1279 1484 gr.
1339 1402 1406 1467 in
1448 1402 1808 1469 Vestalibus
1872 1402 2082 1483 (ovid.
2128 1404 2271 1469 1351.
2314 1404 2397 1468 VI
2440 1406 2586 1481 3113
2645 1405 2722 1469 cf.
2782 1404 2856 1469 Ο.
2900 1405 3071 1470 Jahn
3114 1405 3178 1469 in
3234 1406 3396 1471 actis
3454 1407 3668 1471 societ.
3722 1407 3984 1472 litterar.
4042 1407 4272 1474 Saxon.
4314 1410 4369 1474 V

1082 1530 1145 1592 p.
1192 1509 1357 1591 315).
1440 1530 1662 1576 veram
1704 1515 1920 1575 autem
1965 1510 2157 1575 huius
2196 1511 2360 1576 sacri
2401 1512 2718 1578 rationem
2760 1512 2923 1576 inter
2963 1515 3209 1576 veteres
3249 1512 3291 1576 ii
3321 1513 3639 1591 viderunt,
3684 1533 3961 1596 quorum
3990 1515 4372 1580 sententiam

1082 1618 1173 1682 ita
1215 1617 1406 1682 refert
1448 1618 1702 1697 Festus,
1757 1637 1997 1700 equum
2037 1617 2280 1682 hostiae
2321 1619 2447 1682 loco
2490 1617 2702 1682 Marti
2742 1618 2956 1684 bellico
3001 1619 3116 1683 deo
3151 1621 3424 1684 sacrari.
3510 1638 3662 1700 ergo
3703 1640 3872 1702 quae
3915 1620 3995 1684 de
4041 1620 4374 1704 Quinqua-

1084 1723 1288 1789 tribus
1330 1727 1393 1790 et
1432 1725 1839 1789 Armilustrio
1882 1725 2152 1790 adnotat
2193 1725 2625 1791 Mommsenus
2682 1726 2721 1790 l.
2767 1745 2820 1790 c.
2873 1746 2938 1809 p.
2983 1727 3103 1791 389
3155 1727 3387 1791 scilicet
3430 1727 3876 1812 antiquissima
3916 1733 4141 1807 aetate,
4197 1736 4375 1794 ante-

1091 1852 1283 1913 quam
1313 1853 1436 1915 per
1475 1832 1736 1898 hiemem
1779 1831 1941 1898 bella
1993 1833 2354 1898 continuari
2405 1841 2619 1917 coepta
2679 1840 2911 1909 essent,
2974 1831 3609 1918 comprehendebatur
3650 1832 3752 1898 his
3791 1833 3924 1915 fere
3967 1833 4188 1899 diebus
4231 1836 4376 1902 belli

1088 1946 1330 2024 tempus
1390 1941 1872 2021 lustranturque
1931 1940 2131 2021 iyitur
2184 1941 2457 2006 militum
2499 1961 2686 2005 arma
2727 1945 2782 2005 et
2827 1961 2969 2004 cum
3009 1945 3394 2020 promuntur
3452 1945 3510 2005 et
3564 1961 3705 2004 cum
3746 1940 4103 2005 conduntur
4142 1942 4371 2007 eadem

1085 2046 1336 2127 integra
1371 2046 1458 2111 ad
1486 2046 1774 2129 Equirria
1815 2050 1880 2111 et
1919 2048 2067 2130 equi
2095 2046 2390 2112 Octobris
2431 2067 2688 2112 sacrum
2730 2047 3074 2112 transferre
3115 2047 3279 2111 licet.
3363 2066 3519 2111 nam
3563 2047 3710 2130 equi
3744 2067 4001 2130 quoque
4036 2047 4373 2114 bellatores

1086 2157 1150 2217 et
1191 2157 1540 2235 antequam
1584 2153 1670 2218 ad
1713 2153 1953 2218 bellum
1994 2154 2308 2219 exercitus
2350 2154 2772 2238 proficiscitur
2814 2159 2878 2219 et
2933 2157 3080 2236 post
3121 2153 3395 2218 reditum
3442 2154 3562 2218 deo
3603 2153 3829 2217 bellico
3871 2153 4221 2218 lustrantur
4263 2175 4371 2219 ex-

1087 2261 1494 2343 pianturque.
1581 2280 1750 2343 quae
1788 2262 1843 2325 si
1883 2264 2055 2326 recte
2097 2262 2436 2343 disputavi,
2485 2281 2882 2345 consequens
2924 2265 3021 2326 est
3071 2264 3144 2326 ut
3173 2260 3467 2344 Equirria
3508 2265 3572 2326 et
3626 2281 3884 2326 sacrum
3922 2260 4202 2326 Octobre
4241 2281 4374 2326 non

1084 2367 1297 2432 minus
1342 2368 1569 2432 eodem
1613 2368 1851 2432 mensis
1894 2369 1997 2433 die
2044 2369 2391 2435 constituta
2435 2369 2671 2434 fuerint
2709 2389 2908 2453 quam
2943 2368 3385 2451 Quinquatrus
3413 2370 3477 2432 et
3502 2368 3999 2446 Armilustrium‚
4041 2373 4107 2433 et
4138 2368 4374 2433 mensis

1082 2474 1293 2539 Martii
1336 2475 1532 2539 feriae
1574 2475 1840 2540 Martiae
1880 2476 2173 2559 Equirria
2212 2477 2398 2542 Mart.
2448 2479 2542 2556 15,
2590 2476 3030 2560 Quinquatrus
3071 2476 3255 2540 Mart.
3302 2477 3395 2552 19,
3436 2474 3899 2539 Tubilustrium
3940 2476 4122 2540 Mart.
4158 2476 4239 2540 23
4282 2476 4374 2540 113

1085 2601 1154 2646 56
1194 2582 1584 2664 exceperint,
1643 2585 1715 2646 ut
1755 2582 2018 2663 singulis
2057 2583 2308 2664 singula
2365 2584 2581 2649 tridua
2637 2584 3153 2648 intericerentur:
3209 2583 3386 2665 quod
3438 2582 3610 2648 idem
3670 2583 3735 2646 in
3800 2583 4035 2648 mensis
4076 2581 4372 2647 Octobris

1086 2708 1343 2771 quoque
1386 2689 1584 2753 sacris
1614 2689 1857 2754 Martiis
1895 2690 2105 2756 idibus
2146 2694 2211 2755 et
2264 2694 2410 2774 post
2451 2691 2622 2755 diem
2666 2690 2960 2773 quintum
3005 2689 3147 2754 idus
3191 2689 3524 2754 celebratis
3572 2688 3966 2753 observatur.
4051 2688 4183 2753 iam
4222 2709 4369 2753 cum

1083 2798 1328 2876 septem
1370 2799 1596 2860 octove
1641 2796 1890 2860 dierum
1931 2797 2237 2862 festorum
2279 2798 2464 2880 paria
2507 2798 2937 2862 invenerimus
2977 2797 3069 2860 ita
3114 2795 3437 2878 disposita,
3480 2798 3554 2859 ut
3586 2795 3965 2877 posteriores
3999 2795 4194 2860 seriae
4227 2800 4370 2877 post

1092 2901 1262 2965 diem
1307 2903 1606 2984 quintum
1646 2904 1934 2985 priorum
1978 2908 2336 2986 agerentur,
2399 2905 2481 2969 de
2523 2923 2677 2969 casu
2717 2904 2825 2968 vix
2869 2904 2997 2967 iam
3038 2902 3415 2984 cogitaveris
3457 2902 3907 2984 intellegesque
3950 2921 4081 2984 qua
4121 2901 4369 2965 ratione

1087 3008 1327 3073 factum
1355 3009 1454 3088 sit,
1501 3013 1575 3075 ut
1613 3030 1649 3074 e
1687 3011 1952 3075 vetustis
1991 3010 2239 3075 dierum
2264 3011 2632 3076 nominibus
2672 3011 2737 3074 in
2778 3016 2997 3074 -atrus
3040 3009 3492 3086 11651116111111115,
3532 3028 3698 3091 quae
3736 3008 4096 3089 significant
4135 3011 4370 3090 quotus

1094 3120 1466 3180 numeretur
1504 3117 1637 3181 dies
1680 3115 1909 3199 aliquis
1946 3122 2093 3200 post
2131 3118 2328 3182 alium
2375 3118 2547 3182 diem
2583 3118 2736 3182 certi
2771 3117 3047 3182 nominis
3063 3115 3136 3199 ⁸),
3181 3118 3247 3182 in
3289 3117 3466 3182 fastis
3505 3115 3818 3180 Romanis
3856 3134 4067 3198 neque
4108 3114 4370 3179 triatrus

1083 3225 1147 3285 et
1190 3226 1481 3287 sexatrus
1518 3227 1584 3287 et
1623 3224 2052 3306 septimatrus,
2096 3229 2169 3290 ut
2211 3225 2388 3308 apud
2427 3224 2844 3301 Tusculanos
2888 3243 3097 3306 neque
3142 3223 3545 3300 decimatruS,
3594 3225 3666 3286 ut
3701 3221 3876 3303 apud
3917 3221 4212 3298 Faliscos
4254 3219 4368 3283 sed

998 3383 1011 3402 ,
1084 3328 1258 3392 50136
1299 3329 1728 3413 quinquatrus
1769 3323 2119 3413 supersint,
2179 3331 2332 3415 quia
2377 3331 2671 3396 videlicet
2711 3330 3082 3414 quintorum
3131 3330 3379 3394 dierum
3432 3329 3770 3410 singularis
3820 3332 3961 3392 erat
4001 3326 4367 3392 auctoritas.

1086 3438 1369 3500 ceterum
1408 3455 1522 3500 cur
1565 3437 1860 3520 Equirria
1904 3438 2114 3503 locum
2158 3439 2549 3504 mutaverint
2591 3443 2656 3503 et
2700 3439 2784 3503 ab
2841 3437 3051 3526 idibus
3093 3437 3158 3501 in
3193 3436 3364 3501 diem
3405 3435 3896 3519 praecedentem
3934 3432 4366 3514 migraverint,

1085 3544 1381 3625 quamvis
1422 3547 1664 3609 certam
1705 3564 1969 3610 causam
2015 3546 2279 3629 adsequi
2324 3566 2752 3630 nequeamus,
2808 3549 3027 3610 tamen
3069 3543 3398 3625 probabile
3450 3547 3546 3608 est
3585 3542 3728 3606 ideo
3767 3541 3891 3605 hoc
3930 3540 4173 3605 factum
4211 3557 4364 3617 esse,

1087 3650 1262 3731 quod
1306 3650 1514 3715 idibus
1554 3652 1796 3718 Martiis
1837 3654 1967 3718 duo
2002 3658 2337 3736 praeterea
2380 3653 2872 3719 celebrabantur
2911 3672 3096 3717 sacra
3135 3651 3394 3735 publica
3411 3699 3426 3727 ,
3469 3649 3706 3714 scilicet
3743 3648 3946 3712 Idulia
3984 3647 4148 3712 Iovis
4182 3665 4369 3710 sacra

1085 3792 1166 3801 ——
1209 3777 1365 3822 nam
1408 3759 1552 3823 idus
1592 3763 1742 3824 ante
1787 3759 2128 3826 Caesarem
2169 3761 2302 3825 dies
2345 3760 2543 3825 fastos
2584 3760 2774 3825 fuisse
2814 3779 2945 3824 non
2990 3758 3180 3823 credo
3217 3757 3501 3822 Soltauio
3544 3757 3756 3821 annal.
3800 3755 4016 3838 philol.
4056 3753 4367 3819 CXXXIH

1101 3865 1261 3929 1886
1298 3884 1361 3947 p.
1404 3865 1526 3931 279
1566 3886 1661 3949 sq.
1707 3900 1782 3912 --
1828 3871 1894 3931 et
1935 3868 2128 3932 feriae
2171 3869 2401 3933 Annae
2446 3868 2811 3944 Perennae,
2869 3864 3356 3947 cavendumque
3397 3883 3534 3928 esse
3594 3862 3932 3926 videbatur
3973 3881 4052 3925 ne
4093 3861 4367 3943 populus
4495 3907 4496 3910 η

1086 3971 1170 4035 ab
1224 3971 1324 4036 his
1383 3974 1580 4037 sacris
1638 3974 1935 4039 ludorum
1991 3973 2414 4039 sollemnitate
2474 3978 2854 4039 avocaretur
2869 4023 2885 4050 ‚
2947 3972 3319 4055 praesertim
3385 3989 3532 4034 cum
3591 3970 3821 4033 Annae
3881 3987 4134 4032 sacrum
4187 3971 4369 4032 extra

1085 4078 1311 4143 urbem
1356 4078 1441 4143 ad
1481 4081 1761 4162 primum
1803 4081 2082 4164 lapidem
2125 4082 2268 4145 viae
2294 4081 2647 4146 Flaminiae
2693 4080 3012 4163 agendum
3055 4083 3235 4143 esset.
3321 4076 3401 4141 de
3436 4076 3536 4140 his
3571 4076 3800 4140 Annae
3834 4074 4166 4139 Perennae
4200 4073 4370 4136 feriis

1084 4186 1192 4268 qui
1241 4186 1427 4250 docte
1469 4190 1533 4250 et
1574 4187 1895 4269 ingeniose
1915 4237 1930 4266 ,
1994 4192 2067 4252 111
2107 4187 2382 4267 adsolet,
2442 4190 2912 4253 commentatus
2968 4189 3065 4251 est
3110 4185 3521 4249 Hermannus
3557 4182 3801 4246 Usener
3842 4179 4027 4262 (111115.
4073 4181 4365 4244 Rhenan.

1082 4292 1262 4357 XXX
1299 4312 1361 4375 p.
1385 4293 1508 4358 206
1548 4292 1714 4377 sqq.)
1756 4313 1885 4358 non
1931 4293 2211 4358 debebat
2249 4314 2355 4359 me
2397 4294 2657 4377 quidem
2700 4294 2906 4358 iudice
2947 4291 3185 4357 frivolis
3226 4290 3437 4355 Ovidii
3476 4288 3721 4354 fabellis
3756 4287 3922 4370 (fast.
3951 4288 4030 4351 111
4058 4288 4178 4351 675
4199 4281 4362 4366 sqq.)

1084 4403 1337 4465 tantum
1378 4401 1675 4479 tribuere,
1721 4405 1793 4465 111
1834 4401 2063 4465 Annae
2104 4401 2452 4484 Martisque
2493 4402 2558 4466 in
2602 4401 2901 4483 religione
2941 4400 3241 4464 Romana
3275 4398 3558 4479 aliquam
3601 4396 3790 4460 fuisse
3834 4391 4358 4459 consociationem

1083 4511 1341 4589 putaret
1380 4508 1779 4591 Martemque
1825 4509 1980 4572 anni
2023 4509 2215 4594 deum
2254 4508 2446 4572 fuisse
2489 4509 2638 4573 inde
2678 4507 2955 4590 probare
2996 4506 3306 4570 studeret:
3362 4503 3520 4569 mihi
3566 4506 3638 4567 ut
3679 4501 3843 4574 Iovis
3878 4499 4095 4563 Martis
4135 4497 4365 4560 Annae

1083 4613 1278 4679 feriae
1312 4634 1441 4680 uno
1488 4615 1589 4679 die
1635 4618 2087 4680 concurrerent
2125 4634 2305 4680 mero
2341 4635 2496 4680 casu
2537 4615 2780 4679 1313111111
2818 4614 3087 4678 videtur.

1278 4761 1331 4828 8)
1373 4760 1639 4815 Vocabuli
1679 4762 2048 4832 quinquatrus
2083 4760 2480 4817 derivationem
2534 4758 2998 4815 rectedefiniunt
3034 4757 3210 4812 Varro
3246 4756 3316 4810 de
3350 4755 3385 4810 l.
3428 4754 3464 4810 l.
3505 4754 3577 4808 Vl
3618 4754 3682 4808 14
3718 4757 3777 4809 et
3809 4753 4000 4807 Festus
4036 4766 4087 4819 p.
4129 4746 4260 4811 254,
4310 4743 4367 4797 in

1083 4862 1149 4901 6ο
1185 4846 1300 4901 solo
1334 4847 1598 4911 errantes,
1635 4848 1784 4917 quod
1821 4848 2054 4903 triatrus
2093 4848 2465 4919 quinquatrus
2500 4848 2858 4918 septimatrus
2894 4844 2974 4899 nil
3016 4842 3123 4898 nisi
3147 4844 3275 4914 post
3298 4841 3444 4897 diem
3480 4840 3728 4905 tertium,
3764 4839 4039 4909 quintum,
4076 4832 4370 4903 septimum

1085 4933 1242 4987 idus
1280 4933 1591 5004 significare
1619 4933 1982 5002 arbitrantur,
2016 4952 2140 4989 cum
2180 4951 2246 4989 ea
2282 4933 2552 4989 vocabula
2591 4950 2703 4987 non
2739 4930 2920 4986 minus
2954 4930 3070 4985 dies
3106 4930 3296 4985 eodem
3334 4927 3625 4983 intervallo
3651 4943 3687 4981 a
3722 4922 3989 4988 kalendis,
4024 4919 4198 4982 nonis,
4237 4932 4369 4986 quo-

1083 5018 1222 5074 libet
1258 5019 1347 5074 die
1385 5020 1520 5077 certi
1557 5020 1794 5075 nominis
1824 5020 2092 5076 distantes
2127 5020 2440 5091 significare
2476 5036 2633 5090 posse
2663 5020 3033 5085 consequatur
3067 5032 3136 5070 ex
3170 5015 3254 5078 iis,
3292 5032 3435 5082 quae
3462 5014 3530 5068 de
3567 5012 3677 5068 diei
3701 5014 3816 5068 atri
3851 5006 4116 5081 primaria
4150 5002 4374 5059 notione

1083 5106 1221 5164 bene
1253 5106 1469 5167 monuit
1503 5107 1563 5164 Ο.
1603 5106 1826 5179 Gruppe
1864 5108 2046 5163 Herm.
2085 5108 2186 5162 XV
2227 5125 2277 5177 p.
2310 5107 2436 5174 624;
2487 5106 2554 5161 cf.
2591 5106 2759 5161 etiam
2802 5102 3025 5159 Usener-i
3062 5106 3197 5158 nota
3232 5119 3371 5157 mus.
3409 5100 3580 5156 Rhen.
3619 5100 3772 5155 XXX
3812 5117 3863 5169 p.
3899 5097 4002 5152 222
4040 5112 4092 5149 n.
4129 5095 4181 5147 6.
