4942 6359
2656 531 2738 596 IV

1049 712 1358 778 nonnulla
1415 712 1665 790 referri,
1738 731 1908 794 quae
1965 732 2044 777 ex
2100 711 2508 777 sacerdotum
2571 710 2976 793 publicorum
3033 710 3510 775 commentariis
3576 712 3779 794 petita
3835 731 4094 777 omnem
4154 713 4350 778 fidem

1048 822 1444 897 mereantur,
1509 822 1729 884 tamen
1786 817 1887 883 vel
1946 818 2109 882 haec
2164 838 2310 882 cum
2378 817 2677 882 cautione
2734 817 3103 882 adhibenda
3160 820 3342 895 sunt,
3401 836 3551 882 cum
3605 837 3646 882 a
3701 819 4140 901 grammaticis
4186 821 4352 885 inter

1054 925 1497 1009 antiquissima
1557 929 1930 990 numeretur
1997 924 2304 1007 quicquid
2347 944 2542 1006 super
2591 923 2906 988 bellorum
2948 924 3338 988 Punicorum
3401 925 3503 989 vel
3576 926 3740 990 adeo
3791 926 4066 991 incendii
4127 927 4349 992 Gallici

1052 1036 1342 1115 tempora
1391 1032 1781 1096 adscendere
1822 1031 2162 1096 videbatur
2178 1080 2192 1108 ‚
2246 1032 2427 1096 fastis
2466 1051 2621 1096 vero
2679 1031 2823 1095 ideo
2861 1029 3018 1096 nihil
3060 1031 3144 1095 sit
3185 1030 3522 1112 pretiosius
3543 1080 3557 1108 ‚
3620 1032 3773 1114 quia
3815 1033 3931 1097 soli
3974 1052 4122 1097 eam
4161 1033 4348 1098 nobis

1051 1142 1415 1204 monstrant
1457 1138 1776 1219 religionis
1804 1138 2143 1203 Romanae
2184 1142 2484 1216 aetatem,
2533 1158 2701 1220 quae
2743 1138 2958 1202 adhuc
2995 1138 3297 1202 immunis
3328 1141 3468 1202 erat
3492 1158 3534 1202 a
3570 1157 3947 1220 graecarum
3979 1140 4347 1205 fabularum

1057 1246 1414 1311 infectione.
1512 1264 1705 1328 porro
1764 1265 1915 1309 vero
1969 1265 2138 1327 quae
2190 1266 2230 1310 a
2288 1245 2725 1327 grammaticis
2780 1244 3102 1309 veteribus
3155 1245 3697 1327 interpretationis
3755 1246 3962 1327 gratia
4020 1246 4347 1311 adduntur

1072 1353 1152 1417 de
1192 1352 1589 1433 singularum
1643 1352 2022 1433 religionum
2083 1351 2350 1417 historia
2401 1352 2831 1417 vetustissima
2870 1356 2934 1416 et
2976 1352 3058 1417 de
3113 1353 3381 1416 deorum
3434 1352 3921 1433 cognationibus
3968 1353 4344 1436 fabulisque,

1048 1479 1128 1523 ea
1168 1464 1240 1524 ut
1285 1479 1320 1523 e
1382 1478 1561 1523 mera
1618 1458 2042 1523 hariolatione
2099 1458 2386 1541 profecta
2442 1463 2509 1523 et
2563 1459 2940 1542 plerumque
3009 1478 3045 1523 e
3104 1459 3640 1523 caerimoniarum
3698 1459 4346 1542 interpretationibuS,

1056 1566 1518 1631 vocabulorum
1558 1565 1954 1647 veriloquiiS,
2011 1585 2390 1647 graecarum
2430 1565 2798 1630 fabularum
2843 1566 3433 1648 comparationibus
3473 1566 3920 1631 consarcinata
3961 1586 4094 1631 non
4137 1567 4348 1631 minus

1053 1674 1277 1756 procul
1318 1672 1623 1737 habenda
1663 1676 1843 1750 sunt,
1904 1692 2102 1754 quam
2161 1672 2226 1737 in
2282 1672 2425 1737 libri
2484 1672 2752 1737 alicuius
2810 1672 3177 1737 recensione
3233 1692 3391 1754 prae
3448 1672 3710 1736 sinceris
3767 1673 4036 1737 testibus
4096 1673 4348 1738 codices

1054 1780 1417 1862 interpolati
1480 1784 1545 1844 et
1604 1780 2172 1862 grammaticorum
2240 1779 2737 1861 recognitionem
2806 1779 3081 1862 experti:
3167 1779 3278 1862 qui
3360 1780 3477 1843 etsi
3551 1799 3775 1843 verum
3853 1799 4346 1863 nonnumquam

1054 1887 1386 1972 praebent,
1427 1891 1645 1952 tamen
1687 1907 1817 1951 non
1859 1891 2052 1952 testes
2093 1891 2243 1952 sunt
2285 1887 2568 1952 veritatis
2611 1886 2724 1951 sed
2780 1887 3169 1951 coniectores
3211 1890 3276 1950 et
3321 1886 3386 1949 in
3428 1885 3786 1968 speciosam
3831 1886 4124 1951 fraudem
4166 1887 4347 1969 pelli-

1050 1995 1227 2060 ciunt
1280 1995 1390 2077 qui
1430 1995 1504 2058 iis
1550 2014 1617 2059 se
1658 1994 1985 2094 addicunt.
2071 1998 2316 2077 quanto
2358 2014 2511 2076 ergo
2553 1993 2760 2076 magis
2798 1994 2882 2058 ab
2931 1994 3056 2058 hac
3097 1993 3348 2058 fuscata
3385 1993 3678 2058 doctrina
3723 1994 4208 2072 abstinendum,
4268 2014 4345 2058 eo

1057 2101 1418 2184 diligentius
1458 2101 1767 2165 fastorum
1816 2101 2178 2165 testimonia
2230 2101 2460 2165 iterum
2520 2105 2715 2184 atque
2756 2101 2987 2165 iterum
3036 2100 3469 2165 examinanda
3509 2104 3690 2176 sunt;
3753 2101 3973 2183 itaque
4018 2120 4187 2183 quae
4227 2120 4347 2182 ego

1051 2208 1150 2274 his
1194 2209 1460 2292 pagellis
1500 2212 1647 2291 post
1683 2207 2007 2273 Theodori
2050 2208 2429 2272 Monimseni
2485 2208 2773 2290 egregias
2829 2228 3015 2272 curas
3071 2208 3157 2272 ad
3198 2207 3511 2272 fastorum
3563 2207 4152 2290 interpretationem
4195 2227 4348 2273 con-

1052 2317 1298 2381 laturus
1338 2336 1501 2393 sum,
1544 2314 1842 2399 quamvis
1882 2315 2009 2380 sint
2050 2314 2317 2393 minuta,
2364 2318 2584 2379 tamen
2627 2314 3103 2379 excusationem
3144 2313 3513 2392 habebunt,
3559 2313 3610 2378 si
3646 2314 3967 2396 religionis
4008 2316 4348 2381 Romanae

1049 2423 1516 2488 vetustissimae
1560 2421 1997 2486 condicionem
2047 2421 2262 2505 spissis
2300 2422 2581 2486 tenebris
2614 2421 2968 2486 involutam
2998 2422 3099 2485 vel
3141 2420 3611 2504 aliquantulum
3647 2422 3987 2487 inlustrare
4018 2422 4348 2487 valebunt.

2693 2738 2743 2835 I

1244 2891 1488 2974 Opem
1532 2890 1723 2955 deam
1765 2888 2078 2953 Romanis
2118 2888 2471 2970 antiquitus
2511 2888 2702 2953 fuisse
2744 2888 3080 2953 Saturni
3129 2888 3463 2969 coniugem
3522 2908 3652 2953 uno
3694 2908 3806 2952 ore
3848 2888 4195 2954 adfirmant
4235 2891 4346 2973 qui

1052 3000 1132 3064 de
1174 2998 1476 3079 religione
1509 2997 1809 3062 Romana
1849 2998 2068 3076 agunt,
2109 2995 2198 3060 ita
2239 2999 2312 3059 ut
2354 3014 2436 3059 ne
2471 2995 2788 3059 Henricus
2816 2995 3079 3078 quidem
3122 2995 3561 3076 Jordanus,
3603 2995 3701 3058 vir
3734 2994 4026 3060 doctrina
4059 2999 4123 3060 et
4156 3016 4344 3079 saga-

1055 3106 1246 3171 citate
1284 3105 1364 3169 de
1409 3104 1510 3168 his
1552 3103 1778 3168 studiis
1821 3102 2149 3184 insigniter
2172 3103 2454 3180 meritu3‚
2501 3103 2836 3167 eximatur.
2923 3107 2988 3167 et
3025 3102 3270 3166 habent
3295 3102 3485 3166 huius
3508 3102 3822 3184 opinionis
3865 3106 4058 3167 testes
4099 3106 4344 3168 veteres

1054 3216 1348 3278 auctores
1390 3212 1684 3294 optimos
1730 3209 2084 3274 Varronem
2129 3208 2234 3290 (de
2276 3208 2314 3272 1.
2351 3209 2388 3273 l.
2421 3209 2475 3272 V
2509 3210 2589 3274 57
2632 3213 2696 3273 et
2736 3207 2863 3290 64),
2907 3208 3199 3273 Verrium
3239 3208 3538 3273 Flaccum
3582 3208 3784 3291 (apud
3827 3209 4084 3273 Festum
4121 3230 4186 3292 p.
4227 3210 4345 3274 186

1057 3340 1154 3403 cp.
1201 3319 1381 3384 Paul.
1425 3339 1488 3402 p.
1538 3316 1679 3399 187)
1699 3367 1714 3394 ,
1759 3316 2135 3381 Suetonium
2178 3315 2305 3396 (cui
2341 3335 2458 3380 sua
2499 3316 2733 3380 debere
2774 3317 3026 3381 videtur
3067 3316 3428 3381 Macrobius
3471 3317 3602 3381 Sat.
3642 3317 3668 3380 I
3721 3318 3813 3393 10,
3863 3317 3938 3381 19
3983 3314 4179 3400 sqq.),
4235 3316 4346 3399 qui

1057 3426 1351 3508 coniugio
1394 3425 1597 3490 teneri
1638 3424 1819 3489 aiunt
1862 3424 2208 3488 Saturnum
2257 3422 2593 3505 Opemque
2610 3473 2625 3500 ,
2682 3424 2857 3506 quod
2909 3428 3044 3488 tam
3089 3423 3345 3504 frugum
3387 3443 3584 3506 quam
3627 3423 3951 3487 fructuum
3989 3427 4346 3506 repertores

1056 3555 1192 3599 esse
1235 3533 1580 3597 credantur
1623 3531 1908 3613 nihilque
1950 3530 2126 3595 aliud
2170 3529 2524 3611 significent
2572 3530 2691 3594 nisi
2736 3530 2984 3594 caelum
3041 3534 3105 3594 et
3146 3534 3420 3604 terram:
3478 3530 3827 3594 Saturnum
3866 3529 4034 3594 enim
4082 3530 4347 3595 sationis

1057 3642 1249 3706 deum
1286 3660 1440 3718 esse,
1486 3639 1665 3703 cuius
1707 3657 1902 3703 causa
1946 3638 2026 3702 de
2056 3636 2231 3702 caelo
2274 3637 2373 3714 sit,
2413 3641 2653 3701 terram
2689 3656 2839 3701 vero
2871 3636 3097 3719 Opem,
3142 3637 3323 3700 cuius
3353 3657 3474 3718 ope
3506 3636 3831 3700 humanae
3872 3636 4005 3700 vita
4042 3636 4346 3701 alimenta

1055 3752 1468 3832 quaerantur,
1512 3747 1612 3811 vel
1656 3747 1741 3810 ab
1785 3765 1976 3828 opere
2020 3764 2136 3827 per
2174 3744 2351 3827 quod
2390 3744 2635 3808 fructus
2673 3743 3012 3826 frugesque
3054 3747 3429 3820 nascantur,
3491 3742 3588 3806 vel
3636 3742 3790 3825 quia
3830 3742 3897 3806 in
3940 3746 4112 3806 terra
4153 3762 4343 3807 omne

1054 3876 1216 3938 opus
1257 3859 1322 3920 et
1364 3855 1504 3937 ipsa
1540 3874 1703 3936 opus
1743 3854 1824 3918 sit
1868 3853 1952 3917 ad
1998 3851 2342 3916 vivendum
2361 3900 2376 3928 ,
2431 3850 2531 3914 vel
2576 3850 2729 3932 quia
2772 3869 2996 3914 omnes
3050 3869 3206 3930 opes
3263 3849 3547 3912 humano
3593 3849 3809 3930 generi
3866 3853 4038 3913 terra
4082 3849 4341 3914 tribuat.

1042 3985 1221 4049 ,quae
1264 3960 1818 4043 interpretationes
1860 3978 2007 4023 cum
2048 3958 2284 4041 partim
2325 3958 2580 4038 ineptae
2614 3956 2741 4021 sint
2782 3957 3018 4039 partim
3051 3956 3311 4033 otiosae,
3355 3955 3510 4019 nihil
3549 3955 3755 4036 magis
3790 3955 3875 4019 ad
3921 3975 4054 4019 rem
4101 3956 4346 4020 confert

1055 4071 1232 4157 quod
1275 4069 1637 4134 Macrobius
1678 4066 1877 4143 addit,
1921 4065 2307 4130 Philochoro
2349 4068 2510 4128 teste
2550 4065 2829 4128 Saturno
2870 4067 2933 4127 et
2972 4062 3095 4145 Opi
3138 4063 3419 4145 primum
3463 4062 3529 4126 in
3563 4062 3780 4126 Attica
3821 4062 4117 4126 statuisse
4164 4082 4345 4127 aram

1055 4180 1439 4260 Cecropem:
1482 4194 1637 4240 nam
1665 4175 2053 4239 Graecorum
2086 4170 2336 4251 Κρόνου
2367 4175 2431 4235 et
2457 4170 2631 4244 Ῥέας
2671 4170 3005 4253 religiones
3034 4190 3072 4234 a
3101 4170 3369 4253 pristino
3398 4170 3844 4234 Romanorum
3888 4169 4062 4234 cultu
4087 4189 4347 4251 prorsus

1058 4286 1304 4351 alienae
1347 4287 1496 4347 sunt
1522 4280 1585 4363 ¹).
1672 4281 1873 4344 multo
1906 4283 2123 4344 autern
2167 4279 2424 4359 gravius
2450 4281 2901 4358 argumentum
2931 4277 3235 4359 antiquae
3267 4275 3523 4340 Saturni
3560 4275 3844 4358 Opisque
3885 4275 4347 4340 coniunctionis

1056 4392 1473 4466 haberemuS,
1520 4389 1570 4452 si
1614 4407 1840 4452 verum
1883 4390 2046 4451 esset
2087 4385 2262 4469 quod
2306 4385 2476 4449 idem
2519 4385 2880 4449 Macrobius
2923 4383 3136 4466 ponit,
3191 4387 3342 4447 ante
3387 4402 3627 4447 annum
3675 4402 3716 4445 a
3759 4383 3827 4446 C.
3871 4383 4026 4446 Iulio
4071 4382 4344 4446 Caesare

1059 4500 1369 4564 dictatore
1413 4496 1781 4561 ordinatum
1824 4497 1888 4558 et
1930 4491 2443 4558 Saturnaliorum
2489 4495 2553 4556 et
2592 4490 2894 4574 Opalium
2946 4489 3136 4554 ferias
3183 4490 3248 4553 in
3293 4508 3493 4553 unum
3538 4489 3724 4566 diem,
3787 4488 3894 4570 qui
3951 4488 4137 4552 suerit
4193 4492 4344 4552 ante

1056 4605 1200 4670 XIV
1238 4603 1378 4668 Kal.
1413 4603 1565 4678 Ian„
1610 4601 1904 4665 incidisse
1946 4603 2010 4664 et
2050 4603 2189 4664 tum
2222 4600 2481 4664 demum
2529 4597 2618 4660 ita
2645 4597 2995 4662 disiunctas
3023 4616 3178 4674 esse,
3222 4599 3295 4661 ut
3328 4596 3694 4661 Saturnalia
3722 4616 3779 4660 a.
3812 4594 3872 4658 d.
3910 4594 4070 4672 XVI,
4114 4593 4345 4676 Opalia

1056 4732 1113 4777 a.
1159 4710 1219 4774 d.
1266 4710 1409 4775 XIV
1449 4708 1587 4773 Kal.
1625 4708 1756 4772 Ian.
1802 4706 2295 4771 celebrarentur.
2379 4704 2494 4769 sed
2547 4702 2706 4768 nihil
2767 4702 2997 4768 clarius
3052 4707 3149 4768 est
3204 4723 3397 4786 quam
3461 4704 3633 4767 hanc
3689 4701 4056 4784 opinionem
4108 4722 4145 4766 e
4186 4701 4344 4765 falso

1255 4909 1305 4977 1)
1355 4905 1510 4971 Quod
1560 4904 1866 4960 Macrobius
1914 4903 2077 4958 addit
2121 4903 2251 4959 huic
2301 4903 2435 4958 deae
2486 4902 2738 4957 sedentes
2786 4904 2918 4956 vota
2962 4901 3245 4970 concipere
3296 4900 3544 4955 hominen
3590 4903 3904 4968 terramque
3954 4899 4022 4954 de
4071 4897 4346 4952 industria

1054 4998 1312 5064 tangere,
1352 5010 1461 5047 non
1497 4992 1567 5047 ad
1605 4991 1776 5061 Opem
1814 4991 1908 5045 sed
1947 4991 2018 5044 ad
2055 4990 2264 5044 Rheam
2302 4991 2551 5058 spectare
2591 4988 2823 5043 videtur.
