4942 6359
2184 541 2273 608 XI

2150 752 2301 848 ΙΙΙ

768 914 1088 981 Sollemne
1126 915 1274 998 equi
1331 913 1717 980 sacrificium
1770 915 1983 981 idibus
2024 915 2410 982 Octobribus
2466 920 2686 982 actum
2738 918 2896 1000 quin
2941 918 3106 983 inter
3159 920 3602 1004 antiquissima
3648 923 3867 1006 populi

572 1021 852 1087 Romani
891 1041 1077 1087 sacra
1129 1021 1389 1105 publica
1448 1020 1639 1087 fuerit
1691 1022 1758 1087 in
1811 1026 1996 1114 tanta
2059 1023 2597 1088 caerimoniarum
2652 1023 2863 1106 prisca
2918 1027 3266 1102 vetustate,
3301 1027 3407 1091 vix
3464 1029 3583 1093 erit
3627 1029 3739 1112 qui
3799 1030 3866 1094 in

573 1128 1042 1194 dubitationem
1085 1147 1319 1194 vocare
1374 1127 1543 1193 velit.
1630 1148 1707 1194 eo
1766 1129 1973 1211 magis
2029 1129 2340 1195 miramur
2394 1130 2462 1194 in
2516 1129 3095 1211 hemerologiorum
3148 1133 3585 1199 notationibus
3645 1134 3867 1201 litteris

569 1235 922 1300 maioribus
965 1234 1333 1318 perscriptis
1372 1234 1564 1299 huius
1605 1236 1771 1300 sacri
1812 1235 2059 1300 nullam
2108 1235 2245 1300 fieri
2286 1236 2678 1301 mentionem
2695 1286 2709 1315 ,
2769 1256 2918 1300 cum
2957 1236 3249 1320 Equirria
3267 1288 3282 1316 ‚
3348 1259 3511 1322 quas
3554 1240 3745 1307 ferias
3780 1243 3867 1307 ad

571 1341 848 1406 eandem
890 1344 1170 1406 aetatem
1211 1340 1509 1407 recedere
1563 1341 1895 1424 probabile
1937 1347 2063 1420 est,
2119 1343 2359 1408 ibidem
2413 1347 3013 1408 commemorentur.
3110 1344 3303 1409 huius
3360 1346 3452 1411 rei
3492 1367 3626 1412 non
3670 1348 3868 1414 aliam

573 1467 837 1512 causam
878 1446 1070 1512 fuisse
1106 1447 1394 1529 suspicor
1446 1467 1645 1530 quam
1701 1467 1871 1531 quae
1910 1449 2148 1528 effecit,
2208 1454 2283 1514 ut
2334 1470 2418 1515 ne
2469 1451 2701 1515 Annae
2740 1450 3073 1515 Perennae
3114 1451 3378 1534 quidem
3421 1453 3617 1519 feriae
3661 1455 3727 1520 in
3766 1457 3867 1522 his

573 1554 887 1619 indicibus
930 1554 1488 1637 perscriberentur,
1533 1554 1647 1620 sed
1689 1574 1724 1618 e
1764 1555 1915 1619 solis
1955 1555 2497 1635 adnotationibus
2541 1575 2708 1638 quae
2750 1556 2816 1620 in
2857 1556 3035 1621 fastis
3072 1556 3397 1623 Vaticanis
3423 1559 3863 1628 Farnesianis-

573 1681 700 1745 que
742 1661 1036 1743 adpictae
1076 1665 1245 1738 sunt,
1287 1664 1352 1725 et
1381 1681 1418 1725 e
1452 1662 1832 1744 scriptorum
1864 1662 2241 1727 testimoniis
2268 1663 2677 1727 innotuerint.
2762 1667 3032 1746 uterque
3064 1664 3301 1729 scilicet
3335 1665 3487 1743 dies
3534 1670 3599 1731 et
3629 1668 3860 1734 Annae

572 1767 901 1832 Perennae
944 1771 1008 1831 et
1050 1767 1199 1850 equi
1240 1766 1552 1847 OctobriS‚
1598 1768 1729 1833 iam
1771 1788 1961 1834 suum
2000 1789 2239 1835 nomen
2279 1769 2564 1852 gerebat,
2607 1788 2756 1833 cum
2797 1768 2942 1833 idus
2980 1774 3221 1846 essent;
3281 1770 3864 1855 hemerologiorum

571 1893 724 1938 vero
758 1893 905 1937 cum
946 1893 1076 1938 non
1120 1894 1198 1939 ea
1238 1877 1403 1939 esset
1444 1874 1609 1939 ratio
1627 1925 1643 1954 ‚
1700 1878 1775 1939 ut
1827 1875 1894 1940 in
1951 1895 2140 1941 usum
2181 1876 2588 1941 sacerdotum
2641 1876 2903 1958 plenam
2948 1874 3179 1941 darent
3235 1877 3527 1943 tabulam
3575 1881 3864 1945 omnium

569 2000 740 2064 quae
771 1981 1036 2062 singulis
1078 1980 1305 2044 diebus
1346 1981 1732 2047 celebranda
1772 1986 1985 2047 essent
2023 2002 2353 2047 sacrorum
2373 2032 2388 2060 ‚
2455 1983 2571 2047 sed
2622 1981 2859 2065 populo
2920 1981 3242 2047 destinata
3295 1983 3362 2048 in
3419 1985 3657 2050 civium
3713 2006 3865 2051 con-

565 2090 791 2170 spectu
844 2090 1158 2169 ponerent
1211 2088 1609 2169 singulorum
1671 2088 1921 2154 dierum
1980 2093 2045 2153 et
2097 2090 2362 2154 nomina
2419 2093 2485 2154 et
2538 2089 2977 2154 condicionem
3044 2124 3119 2134 —
3181 2090 3357 2172 quod
3417 2091 3754 2156 consilium
3797 2093 3864 2157 in

567 2193 802 2258 talibus
857 2192 1038 2258 fastis
1081 2194 1306 2277 quales
1348 2193 1669 2260 Maffeiani
1731 2199 2075 2277 supersunt
2129 2196 2410 2260 maxime
2466 2196 2856 2278 conspicitur
2897 2231 2977 2240 -—
2995 2245 3010 2273 ‚
3072 2197 3125 2260 si
3184 2197 3447 2280 quando
3505 2199 3865 2280 complures

568 2300 764 2365 feriae
802 2320 933 2364 uno
971 2300 1074 2364 die
1106 2301 1591 2378 concurrebant,
1631 2321 1854 2367 omnes
1886 2306 2148 2367 enotare
2186 2322 2318 2366 non
2353 2302 2561 2366 solum
2600 2322 2733 2367 non
2768 2321 2930 2385 opus
2971 2307 3128 2380 erat,
3170 2303 3282 2367 sed
3310 2322 3393 2368 ne
3422 2307 3860 2387 opportunum

569 2407 850 2489 quidem,
894 2408 1202 2490 quoniam
1244 2427 1323 2472 ex
1363 2428 1493 2491 quo
1534 2428 1718 2473 sacro
1761 2409 1896 2474 dies
1922 2428 2159 2474 nomen
2191 2409 2454 2474 duceret
2487 2408 2578 2474 ita
2617 2428 2750 2473 non
2783 2409 3190 2491 perspicuum
3229 2410 3449 2475 fuisset
3490 2416 3555 2476 et
3588 2431 3865 2494 magnae

571 2513 930 2578 evenissent
964 2513 1211 2578 turbae.
1297 2514 1515 2598 itaque
1572 2535 1739 2597 quae
1792 2516 1859 2579 in
1914 2516 2056 2580 idus
2111 2515 2275 2580 Iovis
2331 2516 2521 2580 ferias
2574 2516 2946 2581 incidebant
2999 2515 3195 2580 feriae
3257 2517 3534 2581 aliorum
3594 2518 3866 2583 deorum

569 2639 701 2684 non
740 2620 1299 2703 perscribebantur
1341 2622 1407 2685 in
1447 2622 1584 2703 ipso
1631 2621 1882 2686 dierum
1923 2621 2227 2687 festorum
2274 2622 2582 2687 laterculo
2598 2672 2613 2702 ‚
2658 2642 3149 2705 nonnumquam
3190 2643 3345 2688 vero
3387 2624 3452 2688 in
3499 2625 3863 2690 adnotatio-

568 2726 758 2791 nibus
797 2726 1036 2792 liberae
1077 2728 1463 2810 reipublicae
1505 2732 1717 2793 aetate
1759 2729 1958 2793 veteri
1991 2728 2252 2794 tabulae
2287 2728 2541 2808 additis,
2587 2729 2810 2812 quales
2839 2729 2906 2793 in
2936 2729 3384 2812 hemerologiis
3412 2732 3867 2813 superstitibus

569 2832 865 2914 leguntur
901 2834 1255 2899 minoribus
1292 2835 1515 2900 litteris
1557 2839 1860 2900 exaratae
1876 2885 1891 2914 ‚
1936 2834 2147 2900 locum
2191 2838 2590 2903 invenerunt.
2675 2837 2904 2920 quodsi
2945 2837 3137 2919 igitur
3179 2837 3265 2902 ad
3301 2837 3446 2902 idus
3489 2838 3755 2903 Martias
3797 2840 3863 2904 in

568 2939 747 3004 fastis
788 2939 1113 3006 Vaticanis
1152 2942 1534 3007 adscribitur
1573 2942 1781 3026 feriae
1821 2943 2052 3007 Annae
2096 2943 2421 3009 Perennae
2460 2945 2570 3009 via
2611 2938 2844 3022 Flam(
2841 2943 3013 3023 inia)
3058 2944 3146 3009 ad
3180 2943 3459 3028 lapidem
3484 2946 3861 3028 primmm),

569 3046 692 3111 hoc
728 3047 928 3111 nolim
987 3068 1135 3112 cum
1173 3048 1569 3114 Mommseno
1637 3047 1729 3132 (C.
1764 3049 1810 3113 Ι.
1849 3049 1916 3113 L.
1963 3049 1989 3113 I
2031 3070 2093 3132 p.
2140 3048 2284 3131 375)
2350 3051 2441 3116 ita
2491 3050 2766 3128 solvere,
2828 3055 2901 3115 ut
2953 3050 3251 3133 primitus
3306 3052 3614 3133 scriptum
3673 3051 3863 3117 fuerit

563 3154 774 3237 feriae
818 3153 973 3220 Iovi.
1015 3176 1269 3220 sacrum
1310 3157 1538 3221 Annae
1581 3156 1907 3221 Perennae
1959 3156 2153 3239 idque
2210 3158 2663 3240 quadratarius
2719 3157 3079 3223 confuderit
3094 3207 3109 3235 ‚
3175 3157 3288 3222 sed
3349 3157 3654 3222 feriarum
3695 3158 3861 3224 Iovis

566 3262 989 3341 mentionem,
1044 3265 1116 3326 ut
1171 3282 1340 3345 quae
1380 3262 1677 3327 omnibus
1714 3263 1926 3328 idibus
1964 3269 2331 3342 recurrant,
2387 3268 2462 3329 ut
2517 3264 2895 3347 plerumque
2947 3264 3011 3328 in
3060 3263 3504 3345 hemerologiis
3560 3265 3861 3330 omissam

567 3385 722 3445 esse,
769 3367 935 3432 solas
974 3369 1202 3433 Annae
1246 3369 1591 3447 indicatas;
1650 3390 1806 3435 nam
1865 3370 1987 3435 has
2042 3390 2173 3436 non
2232 3372 2444 3436 minus
2501 3370 2691 3435 serias
2744 3370 2935 3435 fuisse
2978 3370 3269 3452 publicas
3311 3389 3517 3454 quam
3584 3370 3748 3436 Iovis
3788 3392 3866 3438 ex

564 3472 871 3538 Macrobii
911 3474 1060 3552 112,
1091 3476 1130 3537 6
1171 3474 1456 3557 Lydique
1501 3475 1580 3539 de
1622 3496 1821 3541 mens,
1866 3478 1949 3541 IV
1980 3478 2060 3543 36
2102 3478 2481 3543 testimoniis
2521 3481 2716 3560 patet.
2799 3477 3141 3542 consimilis
3181 3481 3278 3542 est
3321 3477 3487 3542 ratio
3537 3478 3671 3543 eius
3713 3479 3855 3559 diei,

564 3581 676 3663 qui
716 3585 811 3646 est
845 3581 906 3645 X
933 3581 1056 3646 kal.
1088 3581 1220 3646 Ian.
1265 3585 1331 3646 et
1368 3585 1635 3647 vocatur
1678 3583 1744 3647 in
1783 3582 1962 3650 fastis
1994 3583 2323 3650 LAREN
2321 3584 2414 3667 T(
2409 3584 2576 3661 alia)
2618 3604 2659 3649 a
2705 3604 2890 3650 sacro
2925 3585 3240 3650 Larentae
3278 3584 3413 3649 sive
3455 3585 3856 3667 Laoentinae,

566 3687 667 3751 cui
711 3707 787 3752 eo
827 3687 930 3752 die
971 3689 1436 3770 parentabatur
1476 3709 1592 3772 per
1637 3692 1998 3756 sacerdotes
2044 3692 2364 3776 publicos;
2422 3692 2651 3758 eodem
2710 3692 2882 3757 enim
2936 3692 3039 3757 die
3097 3692 3263 3757 Iovis
3317 3692 3510 3757 serias
3563 3692 3754 3757 fuisse
3795 3697 3861 3758 et

561 3794 708 3859 fasti
752 3794 1149 3858 Praenestini
1192 3794 1506 3860 adnotant
1550 3800 1615 3861 et
1655 3796 2017 3862 Macrobius
2062 3802 2287 3862 auctor
2326 3803 2424 3863 est
2445 3800 2474 3862 I
2497 3801 2592 3878 10,
2626 3801 2734 3865 11:
2779 3799 3106 3883 quomodo
3148 3800 3343 3881 igitur
3382 3798 3521 3862 fieri
3553 3801 3848 3880 potuerit,

562 3905 637 3965 ut
676 3920 930 3966 sacrum
988 3901 1320 3983 parentale
1378 3902 1462 3966 ad
1521 3903 1755 3968 inferos
1808 3904 2130 3984 pertinens
2186 3904 2357 3969 idem
2401 3905 2831 3971 celebraretur
2871 3907 3005 3970 Iovi
3048 3906 3169 3970 deo
3228 3904 3484 3970 caelesti
3528 3904 3664 3969 iure
3708 3925 3856 3970 cum

562 4007 960 4072 Mommseno
973 4005 1024 4088 ⁹)
1078 4008 1461 4073 miraremur
1483 4059 1498 4086 ‚
1562 4010 1685 4073 nisi
1742 3993 1921 4074 mero
1979 4030 2132 4076 casu
2170 4012 2413 4077 factum
2455 4017 2651 4092 esset,
2712 4016 2786 4077 ut
2844 4012 3186 4077 numinum
3237 4009 3414 4075 nullo
3459 4012 3858 4092 cognationis

562 4113 817 4178 vinculo
859 4113 1217 4178 iunctorum
1262 4114 1457 4180 feriae
1498 4115 1565 4179 in
1603 4135 1808 4180 unum
1848 4116 2017 4181 diem
2061 4125 2514 4185 concurrerent
2534 4118 2631 4200 ¹⁰).
2729 4119 2991 4184 tertium
3036 4118 3317 4183 eiusdem
3357 4118 3449 4183 rei
3490 4119 3856 4202 exemplum

563 4222 839 4286 offerunt
879 4221 1296 4286 Liberalia
1337 4221 1521 4286 Mart.
1571 4223 1646 4287 17
1666 4272 1681 4301 ‚
1743 4222 1825 4287 de
1884 4243 2012 4305 quo
2067 4225 2169 4290 die
2209 4226 2371 4291 haec
2422 4225 2615 4290 refert
2654 4226 2970 4291 Masurius
3013 4225 3291 4289 Sabinus
3330 4224 3645 4289 fastorum
3692 4226 3854 4290 libro

560 4327 844 4393 secundo
887 4326 1210 4408 (laudatus
1250 4327 1352 4392 ille
1395 4328 1657 4411 quidem
1691 4349 1733 4395 a
1761 4328 2373 4415 Macrobi014‚15):
2416 4330 2814 4398 Liber-alium
2855 4333 2992 4397 dies
3028 4354 3070 4397 a
3098 4331 3508 4416 pontificibus
3550 4333 3850 4415 ayonium

560 4434 873 4499 Martiale
899 4434 1277 4517 appellatur.
1348 4434 1477 4499 iam
1509 4454 1656 4499 cum
1688 4436 1895 4501 Liberi
1918 4437 2266 4522 Martisque
2301 4439 2502 4504 ullam
2528 4439 2718 4505 fuisse
2758 4440 2827 4504 in
2861 4439 3004 4523 ipsa
3036 4437 3448 4503 veneratione
3489 4438 3860 4503 societatem

559 4560 751 4605 nemo
786 4541 943 4605 dum
989 4540 1417 4617 contenderit,
1477 4545 1825 4625 utrumque
1867 4549 2082 4609 autem
2125 4566 2383 4611 sacrum
2426 4547 2592 4611 inter
2641 4546 2831 4611 serias
2870 4545 3162 4630 publicas
3199 4545 3677 4609 numerandum
3721 4564 3858 4609 esse

563 4646 692 4711 iam
732 4667 767 4712 e
810 4647 1071 4712 nomine
1113 4651 1364 4729 pateat,
1420 4647 1524 4712 hic
1573 4668 1832 4731 quoque
1892 4653 2183 4716 tenemus
2223 4634 2388 4719 duas
2444 4654 2637 4720 ferias
2680 4672 2794 4735 per
2852 4670 3073 4715 casum
3111 4669 3242 4715 uno
3297 4650 3400 4715 die
3463 4651 3854 4730 coniunctae,

767 4826 822 4896 9)
876 4828 1033 4885 Rom.
1082 4828 1311 4884 Forech.
1346 4828 1401 4883 11
1448 4847 1500 4898 p.
1535 4829 1597 4883 4:
1659 4830 1763 4885 wie
1807 4829 1926 4886 dies
1970 4831 2327 4888 individuale
2382 4830 2700 4901 Todtensest
2748 4832 2988 4902 zuyleich
3040 4832 3128 4886 ein
3177 4832 3311 4887 Fest
3370 4831 3465 4887 dos
3523 4831 3715 4888 Gottes
3761 4831 3856 4887 dea

563 4910 784 4967 Lichtes
818 4913 933 4967 und
969 4913 1202 4979 Lehma,
1253 4915 1346 4971 des
1380 4915 1606 4984 Jupiter
1639 4916 1745 4981 iat,
1792 4915 1969 4971 dieser
2004 4918 2236 4973 Bathea
2282 4916 2442 4970 Wort
2472 4918 2548 4971 iat
2580 4917 2725 4972 wohl
2759 4917 2868 4986 auf
2898 4917 3091 4972 immet·
3126 4917 3472 4972 vereehollen.

758 4998 845 5066 10)
884 4998 999 5055 Hoc
1031 5006 1183 5057 recte
1221 5001 1362 5057 vidit
1399 5002 1569 5057 etiam
1610 5001 1709 5057 Th.
1738 5002 2026 5068 Zielinski,
2063 5002 2278 5069 Quaerit.
2315 5002 2507 5059 comio.
2545 5019 2597 5071 p.
2635 5002 2735 5057 119
2772 5021 2826 5058 n.
2867 5005 2916 5059 1.

3469 5092 3551 5146 22
