4942 6359
2180 536 2321 601 XIII

608 734 676 780 se
720 715 1073 797 antiquitus
1129 715 1388 780 feriatas
1442 714 1633 779 fuisse
1685 715 1972 780 indicant
1999 714 2106 798 1’);
2167 718 2232 779 et
2273 715 2590 780 adnotant
2629 715 2774 780 fasti
2826 715 3223 780 Praenestini
3260 714 3480 780 Martis
3529 715 3720 781 ferias
3759 736 3898 781 esse

606 825 954 904 narratque
994 821 1209 903 Lydus
1253 820 1360 902 (de
1400 840 1600 885 menS.
1644 821 1725 885 111
1772 822 1865 886 15.
1927 821 2010 885 IV
2049 818 2155 902 29)
2216 821 2318 886 his
2377 822 2667 887 kalendis
2712 822 2915 886 Salios
2978 842 3163 887 arma
3219 822 3520 888 movisse:
3588 823 3700 905 qui
3762 822 3897 888 dies

608 947 753 992 cum
789 932 960 991 certe
1004 928 1071 992 in
1115 928 1290 992 libris
1331 927 1709 1009 pontificum
1738 928 2185 1010 Saliorumque
2228 948 2344 993 suo
2382 929 2643 993 nomine
2669 948 2804 993 non
2834 928 3040 1010 magis
3070 929 3346 994 caruerit
3377 948 3575 1011 quam
3602 929 3898 1012 Equirria

604 1034 927 1115 Agonium
984 1035 1275 1099 Martiale
1329 1034 1771 1115 Quinquatrus
1826 1034 2287 1099 Tubilustrium
2304 1084 2319 1114 ‚
2392 1036 2518 1100 hoc
2574 1055 2813 1100 nomen
2871 1036 2939 1099 in
3005 1035 3203 1100 fastos
3257 1054 3389 1100 non
3448 1040 3777 1118 receptum
3829 1036 3897 1100 in

604 1141 928 1206 communi
987 1141 1214 1206 notitia
1282 1141 1536 1205 interiit.
1636 1161 1896 1224 prorsus
1966 1141 2193 1205 eadem
2264 1142 2513 1206 ratione
2577 1141 2998 1206 kalendarum
3053 1142 3377 1206 Iuniarum
3437 1161 3673 1206 nomen
3739 1141 3898 1208 alias

606 1247 1045 1312 obscuravisse
1074 1247 1327 1311 videtur
1349 1247 1540 1312 ferias
1575 1249 1894 1330 antiquae,
1939 1247 1989 1312 C
2007 1268 2150 1313 arn
2169 1267 2261 1312 ae
2294 1247 2591 1312 videlicet
2619 1248 2782 1312 deae
2821 1267 3077 1312 sacrum
3107 1247 3456 1330 publicum,
3502 1248 3680 1331 quod
3720 1249 3898 1314 fastis

602 1352 855 1418 Numae
915 1354 1231 1418 recentius
1303 1373 1439 1418 esse
1502 1353 1765 1417 minime
1831 1354 1982 1418 inde
2040 1354 2246 1437 colligi
2301 1358 2542 1436 potest,
2636 1355 2812 1436 quod
2875 1354 3237 1418 Macrobius
3292 1354 3319 1418 1
3389 1354 3496 1434 12,
3556 1356 3631 1419 31
3706 1355 3897 1420 huius

606 1460 897 1524 sacrificii
939 1460 1244 1542 originem
1290 1480 1330 1524 a
1381 1461 1447 1523 L.
1490 1460 1670 1524 Iunio
1712 1460 1911 1524 Bruto
1955 1461 2452 1544 Tarquiniorum
2510 1460 2845 1543 expulsore
2901 1460 3190 1538 deducit3
3248 1461 3423 1543 quod
3466 1481 3614 1526 cum
3669 1482 3706 1526 e
3760 1463 3898 1527 sola
3943 1481 3952 1488 ’

606 1567 839 1631 mensis
884 1567 1043 1631 Iunii
1088 1567 1433 1649 Iuniaeque
1475 1567 1681 1647 gentis
1733 1567 2212 1649 comparatione
2256 1571 2471 1632 ortum
2517 1587 2653 1631 esse
2696 1572 2919 1649 pateat
2934 1617 2948 1646 ‚
3010 1571 3235 1632 contra
3289 1568 3454 1632 sacri
3512 1572 3898 1634 vetustatem

606 1672 695 1736 nil
738 1673 946 1750 efficit,
990 1673 1363 1754 praesertim
1408 1692 1556 1736 cum
1604 1673 1916 1737 fastorum
1959 1673 2339 1756 interpretes
2384 1674 2580 1738 etiam
2635 1674 2795 1738 alias
2831 1673 3230 1738 indubitatae
3272 1674 3671 1757 antiquitatis
3708 1676 3898 1740 ferias

604 1799 734 1845 non
775 1779 968 1844 modo
1012 1780 1098 1843 ad
1142 1799 1368 1860 regum
1410 1780 1848 1862 expulsionem
1889 1782 2003 1846 sed
2045 1781 2143 1845 vel
2187 1781 2273 1845 ad
2316 1780 2717 1845 obsidionem
2761 1779 3072 1845 Gallicam
3112 1780 3407 1845 referant.
3492 1782 3736 1864 priscas
3775 1782 3897 1848 has

606 1886 793 1951 ferias
847 1906 983 1951 esse
1041 1889 1106 1950 et
1164 1905 1244 1950 ex
1301 1886 1427 1950 ritu
1483 1887 1775 1951 sacrificii
1836 1891 2108 1970 apparet
2149 1891 2213 1952 et
2270 1887 2418 1951 inde
2464 1886 2639 1969 quod
2693 1886 3006 1951 kalendae
3063 1887 3279 1951 Iuniae
3322 1907 3362 1951 a
3405 1888 3596 1970 pultis
3638 1888 3897 1954 sabatae

608 2012 790 2058 sacro
833 1993 1085 2057 Garnae
1129 1993 1348 2057 oblato
1391 1993 1459 2056 in
1514 1993 1684 2076 volgi
1738 2015 1849 2059 ore
1890 1995 2287 2059 fabariarum
2328 2013 2565 2058 nomen
2612 1994 3011 2059 retinuerunt
3061 1994 3163 2058 vel
3216 2014 3420 2077 usque
3466 1995 3551 2059 ad
3592 2000 3894 2076 quartum

602 2117 664 2181 p.
709 2099 859 2165 Chr.
917 2099 1277 2178 saeculum,
1340 2119 1470 2182 quo
1530 2100 1717 2165 ludos
1774 2102 1933 2166 deae
1991 2101 2194 2165 editos
2250 2120 2385 2164 esse
2427 2100 2796 2165 Philocalus
2856 2104 3126 2165 testatur
3182 2100 3275 2182 (C.
3320 2101 3364 2165 Ι.
3408 2102 3475 2166 L.
3520 2101 3547 2165 1
3603 2121 3665 2184 p.
3712 2100 3893 2183 394):

603 2206 878 2289 denique
918 2207 1020 2271 vel
1064 2207 1275 2289 ipsum
1316 2207 1619 2272 feriarum
1664 2227 1920 2287 nomen,
1964 2207 2261 2290 quamvis
2302 2207 2367 2270 in
2409 2206 2857 2289 hemerologiis
2899 2228 3030 2272 non
3068 2208 3512 2291 perscriptum,
3569 2228 3724 2273 casu
3763 2229 3897 2273 ser-

601 2316 824 2376 vatum
885 2317 1006 2392 est,
1073 2313 1388 2395 siquidem
1453 2319 1624 2379 recte
1666 2316 2101 2380 Mommsenus
2160 2314 2226 2378 in
2281 2318 2665 2379 testamento
2721 2313 3062 2379 Emonensi
3103 2314 3171 2379 C.
3214 2315 3258 2379 Ι.
3299 2315 3367 2379 L.
3409 2315 3488 2379 111
3529 2317 3723 2395 3893,
3785 2316 3898 2380 ubi

601 2420 1053 2500 praescribitur
1096 2422 1194 2485 uti
1233 2442 1412 2486 rosas
1460 2422 1867 2501 Carnarfiis)
1921 2422 2186 2498 ducant,
2239 2421 2506 2487 Carna
2522 2421 2821 2486 riorum
2876 2422 3134 2486 nomine
3189 2420 3497 2486 kalendas
3538 2422 3751 2487 Iunias
3801 2422 3897 2487 in-

603 2525 800 2591 dicari
841 2527 1163 2592 intellexit.
1248 2532 1345 2592 est
1388 2531 1603 2593 autem
1644 2529 1771 2593 hoc
1830 2528 2195 2593 testamenti
2235 2532 2658 2611 praeceptum
2700 2528 2963 2591 maximi
3006 2527 3193 2610 pretii
3252 2528 3396 2592 ideo
3414 2578 3428 2606 ‚
3493 2529 3668 2611 quod
3711 2529 3899 2594 docet

606 2631 855 2697 Carnae
916 2634 1086 2698 diem
1147 2634 1335 2698 simili
1391 2635 1641 2699 ratione
1684 2635 1771 2699 ad
1827 2635 2094 2699 deorum
2155 2635 2426 2699 inferum
2482 2635 2852 2716 religionem
2908 2634 3294 2716 spectavisse
3350 2655 3479 2716 qua
3529 2635 3897 2700 Parentalia

602 2739 864 2805 Rosalia
905 2741 1263 2823 similiaque
1306 2742 1655 2819 sollemnia,
1701 2742 1935 2824 quibus
1979 2742 2076 2805 dis
2113 2742 2410 2806 Manibus
2448 2742 2707 2805 inferias
2748 2741 2975 2805 offerre
3017 2741 3215 2804 moris
3258 2746 3397 2806 erat
3434 2745 3896 2823 testatoresque

601 2848 969 2930 praecipere
1008 2847 1214 2912 solent
1280 2845 1382 2927 (cf.
1425 2848 1804 2930 Marquardt
1858 2847 2035 2912 Rom.
2081 2846 2489 2913 Staatsverw.
2533 2849 2613 2912 111
2666 2868 2727 2930 p.
2773 2849 2887 2912 311
2936 2846 3057 2930 sq.)
3077 2897 3091 2925 ‚
3151 2847 3450 2930 idemque
3506 2868 3541 2912 e
3597 2848 3896 2912 fabarum

604 2953 915 3018 sacrificio
971 2955 1229 3036 patefit,
1293 2974 1569 3036 quarum
1626 2954 1693 3019 in
1749 2956 1946 3019 sacris
1996 2955 2299 3019 feralibus
2350 2975 2538 3019 usum
2593 2973 2800 3037 nuper
2853 2954 3037 3018 docte
3095 2954 3458 3019 inlustravit
3516 2954 3590 3019 O.
3637 2955 3897 3020 Crusius

609 3078 771 3124 muS.
815 3060 1024 3125 Rhen.
1069 3081 1129 3124 V.
1175 3060 1443 3125 XXXIX
1481 3081 1543 3143 p.
1594 3062 1714 3125 164
1757 3081 1895 3143 sqq.
1957 3061 2088 3125 iam
2128 3060 2319 3143 igitur
2362 3061 2748 3142 intellegitur
2788 3081 2901 3124 cur
2940 3061 3253 3126 kalendae
3297 3061 3514 3125 Iuniae
3555 3062 3721 3127 inter
3763 3063 3897 3127 dies

601 3167 882 3232 nefastos
922 3169 1131 3232 tristes
1174 3172 1330 3232 nota
1373 3165 1432 3230 N
1475 3168 1697 3232 addita
1741 3169 2125 3246 referantur,
2168 3167 2343 3250 quod
2386 3167 2559 3231 idem
2597 3167 2959 3231 Februariis
3001 3187 3259 3249 quoque
3299 3167 3468 3232 Iuliis
3512 3167 3896 3233 Octobribus

606 3273 1063 3338 Decembribus
1131 3274 1420 3338 kalendis
1497 3274 1788 3338 accidere
1842 3274 2150 3338 videmus.
2252 3278 2445 3356 atque
2503 3274 2570 3338 in
2626 3273 2913 3338 kalendis
2965 3274 3356 3352 FebruariiS‚
3429 3275 3609 3339 cuius
3661 3277 3897 3340 mensis

605 3379 780 3460 prior
819 3399 970 3461 pars
1008 3384 1146 3444 tota
1186 3381 1667 3445 lustrationibus
1711 3381 1970 3446 addicta
2013 3383 2109 3444 est
2149 3380 2251 3462 (cs.
2295 3382 2652 3446 Mommsen
2696 3380 2764 3445 C.
2786 3380 2829 3444 I.
2855 3381 2923 3445 L.
2962 3381 2989 3444 Ι
3031 3401 3093 3463 p.
3127 3378 3271 3462 386)
3310 3381 3436 3445 hoc
3477 3382 3896 3464 explicatione

604 3505 735 3550 non
777 3489 939 3568 eget,
985 3486 1052 3551 in
1093 3486 1261 3550 Iuliis
1290 3487 1897 3569 Decembribusque‚
1942 3489 2235 3570 quamvis
2278 3507 2392 3552 cur
2434 3488 2722 3552 nefastae
2765 3487 2977 3551 tristes
3018 3487 3145 3551 sint
3181 3507 3354 3551 nunc
3396 3489 3722 3553 declarare
3764 3509 3896 3554 non

603 3592 964 3672 valeamus,
1032 3613 1160 3657 non
1221 3594 1312 3658 ita
1368 3595 1667 3673 offendit,
1743 3596 1897 3677 quia
1954 3598 2290 3676 sequentes
2342 3613 2600 3677 quoque
2656 3593 2790 3658 dies
2848 3592 2983 3674 (Iul.
3034 3595 3207 3658 1—3.
3269 3596 3448 3659 6—9.
3513 3596 3661 3660 Dec.
3710 3594 3893 3678 1—3)

606 3699 878 3764 eandem
919 3705 1143 3765 notam
1198 3706 1445 3782 gerunt.
1527 3701 1843 3767 kalendae
1902 3721 2052 3765 vero
2107 3700 2416 3764 Octobres
2471 3701 2636 3764 inter
2685 3700 2930 3765 medios
2973 3699 3106 3763 dies
3165 3700 3360 3765 fastos
3420 3702 3896 3785 comitialesque

607 3806 893 3871 nefastae
924 3806 1095 3871 hanc
1139 3808 1437 3886 indolem,
1482 3809 1602 3873 nisi
1634 3809 1852 3873 omnia
1896 3808 2140 3886 fallunt,
2182 3811 2516 3871 traxerunt
2560 3826 2597 3870 e
2642 3806 2922 3888 Tigilli
2955 3806 3265 3870 Sororii
3306 3807 3666 3890 expiatione
3708 3812 3896 3891 quot-

609 3912 795 3976 annis
836 3912 959 3977 hoc
1003 3914 1105 3977 die
1150 3914 1217 3978 in
1243 3915 1538 3997 Esquiliis
1564 3915 1768 3992 sacta3
1813 3915 1988 3998 quod
2015 3914 2397 3979 sacrificium
2435 3931 2584 3977 cum
2629 3912 3008 3995 posteriores
3033 3916 3295 3995 propter
3322 3913 3579 3978 Iunonis
3604 3915 3896 3979 Sororiae

607 4016 870 4099 Ianique
911 4018 1176 4083 Curiatii
1219 4021 1601 4100 cognomina
1648 4041 1796 4086 cum
1837 4022 2096 4103 volgata
2135 4021 2215 4084 de
2261 4019 2677 4084 Horatiorum
2711 4018 3274 4102 Curiatiorumque
3316 4021 3664 4086 certamine
3708 4025 3773 4085 et
3814 4021 3895 4085 de

604 4122 873 4189 Horatio
927 4126 1277 4190 sororicida
1342 4127 1559 4191 fabula
1620 4128 2097 4204 coniunxerint,
2159 4129 2328 4190 certe
2386 4130 2524 4190 tam
2580 4130 2867 4191 vetustae
2920 4126 3180 4207 originis
3236 4130 3405 4206 erat,
3464 4131 3537 4191 ut
3594 4127 3658 4191 in
3719 4128 3897 4192 fastis

605 4228 857 4295 Numae
899 4232 1324 4314 perscriptum
1366 4232 1490 4315 legi
1534 4237 2036 4298 consentaneum
2078 4236 2261 4309 esset,
2304 4233 2426 4297 nisi
2468 4233 2594 4297 diei
2629 4252 2863 4297 nomen
2891 4232 3024 4296 iam
3053 4232 3365 4297 kalendae
3391 4237 3893 4318 occupavissent.

607 4336 820 4419 ipsum
861 4357 1118 4402 sacrum
1158 4338 1447 4403 kalendis
1491 4340 1578 4403 ad
1640 4339 1858 4404 ianum
1902 4339 2045 4404 viae
2087 4338 2560 4421 superpositum
2586 4338 2659 4419 18)
2716 4339 2870 4403 Iano
2926 4343 2992 4403 et
3030 4339 3255 4403 Iunoni
3297 4340 3538 4406 factum
3580 4344 3896 4424 pertinere

602 4444 855 4509 videtur
897 4444 981 4508 ad
1028 4445 1303 4509 eandem
1346 4446 1734 4528 religionem,
1780 4466 1913 4529 qua
1952 4446 2115 4511 haec
2156 4445 2423 4510 numina
2452 4444 2751 4509 omnibus
2785 4444 3074 4509 kalendis
3102 4445 3168 4510 in
3198 4448 3522 4513 sacrificiis
3556 4452 3896 4517 coniuncta

803 4642 887 4710 12)
922 4639 1044 4695 Nisi
1079 4641 1223 4697 forte
1259 4660 1382 4697 cum
1419 4642 1669 4699 Soltauio
1706 4643 1911 4712 (annal.
1953 4644 2141 4713 philol.
2180 4645 2489 4699 CXXXVII
2527 4644 2663 4700 1888
2699 4662 2749 4713 p.
2776 4644 2879 4698 834
2917 4661 2972 4699 11.
3007 4647 3061 4713 7)
3097 4661 3313 4699 sumere
3355 4644 3543 4711 mavis,
3581 4647 3725 4703 hunc
3763 4599 3898 4717 quo:

608 4741 714 4792 que
750 4726 895 4781 diem
931 4743 968 4781 a.
1001 4726 1231 4783 Caesare
1266 4729 1483 4782 demum
1523 4729 1670 4783 inter
1706 4730 1949 4784 nefastos
1984 4729 2188 4785 hilares
2223 4733 2504 4800 receptum
2545 4745 2691 4799 esse3
2739 4728 2896 4785 cuius
2938 4730 3248 4786 sententiae
3291 4747 3395 4802 ego
3427 4732 3647 4801 quidem
3686 4735 3896 4790 nuUam

607 4809 765 4865 video
800 4812 1088 4869 rationem.

804 4901 888 4968 18)
936 4898 1094 4955 Nihil
1145 4900 1292 4954 enim
1342 4899 1496 4954 aliud
1544 4900 1685 4956 illud
1741 4901 1974 4972 tiyillum
2010 4900 2176 4956 fuisse
2220 4904 2367 4957 recte
2419 4901 2563 4956 vidit
2598 4902 2660 4957 Ο.
2698 4901 2917 4957 Gilbert
2955 4902 3143 4958 Gesch.
3179 4903 3295 4959 und
3335 4904 3567 4974 Topoyr.
3604 4902 3702 4958 der
3736 4903 3899 4960 stadt

611 4983 753 5038 Rom
791 4984 817 5038 1
851 5003 904 5055 p.
951 4987 1051 5042 178
1086 5004 1222 5056 sqq„
1259 4986 1355 5056 qui
1396 4991 1582 5041 tamen
1621 4988 1800 5043 multa
1835 4986 2130 5042 falsissima
2164 4987 2443 5042 admiscet.
