4942 6359
2638 508 2718 572 Vl

1023 688 1307 772 aliquam
1337 687 1494 771 Opis
1533 689 1600 753 in
1641 688 1778 753 foro
1818 688 2008 753 sitam
2046 687 2237 753 fuisse
2281 692 2659 764 statuamuS,
2704 687 2884 752 cuius
2924 691 3178 770 praeter
3219 687 3396 752 illam
3430 687 3744 753 fastorum
3777 689 4328 755 Amiterninorum

1019 801 1247 860 notam
1287 795 1464 860 nulla
1503 799 1794 878 superest
1833 795 2106 859 mentio:
2164 796 2340 877 quod
2383 794 2709 859 neminem
2751 794 2987 859 mirum
3028 794 3295 859 habebit
3337 794 3449 878 qui
3492 796 3856 861 meminerit
3910 796 4134 878 viginti
4196 796 4326 862 fere

1017 902 1291 967 aliorum
1340 903 1746 985 templorum,
1788 921 2065 984 quorum
2111 901 2445 966 elenchum
2491 901 2606 965 dat
2639 900 2904 965 Austius
2944 922 3005 983 p.
3048 903 3120 966 31
3167 922 3328 984 sqq.,
3375 901 3619 966 nullam
3660 902 3856 966 aliam
3901 903 3986 967 ad
4032 923 4149 967 nos
4178 923 4325 986 per-

1020 1009 1272 1074 venisse
1313 1010 1643 1088 notitiam,
1704 1008 1825 1073 nisi
1870 1009 2045 1091 quod
2086 1008 2564 1073 dedicationum
2609 1007 2744 1071 dies
2788 1007 2852 1071 in
2897 1007 3342 1090 hemerologiis
3385 1008 3766 1074 indicantur.

1216 1115 1452 1199 Ruptis
1508 1116 1702 1198 igitur
1754 1115 2054 1180 omnibus
2114 1134 2281 1198 quae
2339 1114 2544 1197 Opem
2586 1113 2868 1179 Saturno
2933 1115 3235 1198 copulare
3286 1115 3671 1181 videbantur
3725 1115 3994 1181 vinculis
4051 1117 4323 1181 circum-

1019 1221 1419 1304 spiciendum
1468 1225 1596 1299 est,
1652 1241 1812 1286 num
1855 1241 2024 1305 quae
2076 1222 2204 1287 alia
2257 1224 2604 1303 suppetant
2659 1221 2944 1287 subsidia
2963 1271 2978 1299 ‚
3037 1242 3205 1305 quae
3250 1222 3526 1287 doceant
3580 1223 3666 1287 ad
3731 1243 3923 1306 quem
3966 1223 4157 1287 deum
4201 1224 4325 1289 dea

1020 1328 1359 1393 referenda
1401 1329 1516 1393 sit:
1556 1347 1711 1392 nam
1755 1329 1820 1392 in
1862 1328 2165 1410 religione
2196 1328 2502 1393 Romana
2546 1328 2973 1393 vetustissima
3019 1329 3173 1393 deos
3213 1328 3304 1394 ita
3347 1329 3686 1412 dispositos
3727 1329 3934 1408 fuisse,
3980 1333 4054 1393 ut
4094 1330 4322 1411 singuli

1023 1434 1111 1498 dii
1154 1435 1420 1499 masculi
1464 1434 1727 1516 singulis
1784 1434 2036 1498 feminis
2079 1454 2210 1498 non
2270 1453 2386 1517 per
2436 1434 2676 1498 iustum
2731 1436 3213 1500 matrimonium
3272 1435 3384 1501 sed
3440 1456 3521 1501 ex
3575 1437 3934 1501 officiorum
3993 1415 4336 1501 adfinitate·

1022 1541 1562 1623 coniungerentur
1579 1591 1594 1620 ,
1657 1540 2045 1605 documento
2103 1545 2253 1605 sunt
2311 1541 2857 1622 comprecationes
2913 1542 3182 1607 deorum
3236 1543 3693 1608 immortalium
3715 1594 3730 1620 ,
3798 1562 3962 1625 quas
4022 1563 4100 1608 ex
4153 1542 4327 1607 libris

1024 1648 1432 1713 sacerdotum
1488 1647 1708 1731 populi
1753 1647 2033 1712 Romani
2089 1647 2331 1731 profert
2369 1647 2605 1712 Gellius
2642 1647 2717 1712 N.
2763 1649 2838 1712 A.
2881 1649 3022 1713 XIII
3064 1650 3175 1723 233
3231 1650 3343 1713 ubi
3400 1651 3817 1715 nominantur
3862 1650 4000 1715 Lua
4046 1649 4325 1727 Saturni,

1024 1754 1278 1820 Salacia
1320 1754 1620 1838 Neptuni,
1664 1754 1842 1819 Hora
1885 1754 2150 1833 Quirini,
2195 1754 2366 1819 Maia
2410 1754 2695 1832 Volcani,
2739 1754 2931 1819 Nerio
2973 1756 3212 1834 MartiS,
3260 1756 3494 1839 quibus
3537 1756 3776 1821 addere
3821 1757 3968 1821 licet
4011 1758 4321 1821 Iunonem

1025 1861 1189 1926 Iovis
1244 1863 1423 1938 (nam
1480 1862 1548 1926 in
1603 1861 1787 1926 titulo
1845 1861 2096 1926 urbano
2142 1861 2210 1926 C.
2253 1861 2296 1925 I.
2345 1862 2412 1925 L.
2457 1861 2540 1925 VI
2581 1862 2702 1927 357
2763 1861 3011 1926 Iunone
3068 1862 3382 1927 Loucinai
3437 1863 3663 1928 Diovis
3720 1883 3868 1927 cum
3927 1863 4326 1927 Mommseno

1026 1968 1117 2032 ita
1160 1968 1610 2050 coniungenda
1651 1968 1966 2046 videntur,
2010 1972 2083 2032 ut
2124 1968 2499 2051 suppleatur
2543 1968 2796 2051 coniuyi
2838 1974 2952 2034 aut
2988 1970 3116 2034 tale
3158 1970 3371 2052 quid),
3416 1970 3707 2035 Faunam
3751 1969 3984 2048 Fauni,
4028 1970 4325 2034 Liberam

1027 2075 1238 2140 Liberi
1276 2095 1527 2153 uxores,
1574 2075 1749 2146 alias
1833 2075 2037 2139 habes
2074 2094 2226 2157 ergo
2251 2075 2529 2140 Saturno
2558 2075 2763 2140 Luam
2793 2076 2984 2141 deam
3014 2077 3407 2155 adiunctam,
3448 2080 3671 2141 contra
3704 2076 3859 2159 Opis
3900 2077 4077 2141 nulla
4119 2081 4328 2142 exstat

1026 2181 1286 2246 mentio.
1371 2182 1485 2246 sed
1529 2182 1747 2246 omnia
1791 2181 2148 2246 clarescunt
2206 2181 2594 2265 simulatque
2636 2181 2791 2265 Opis
2846 2183 3066 2262 feriaS,
3121 2204 3289 2267 quae
3332 2185 3524 2248 binae
3577 2204 3694 2267 per
3734 2203 3979 2249 annum
4037 2183 4323 2263 redeunt,

1027 2293 1334 2371 utrasque
1390 2289 1603 2354 triduo
1657 2289 2030 2371 interposito
2086 2288 2387 2371 subiungi
2445 2289 2616 2353 feriis
2661 2289 2711 2353 C
2727 2309 2765 2353 o
2781 2309 2826 2353 n
2843 2290 2910 2354 si
2973 2290 3447 2355 observaveris:
3506 2311 3660 2355 nam
3722 2311 3871 2355 cum
3919 2290 4327 2373 Opiconsivia

1031 2396 1133 2460 die
1173 2396 1339 2477 Aug.
1384 2396 1498 2473 25,
1560 2395 1791 2478 Opalia
1833 2396 1981 2460 Dec.
2031 2396 2106 2461 19
2148 2395 2405 2475 fierent,
2451 2395 2792 2461 Consualia
2836 2396 3053 2479 priora
3097 2399 3260 2478 Aug.
3306 2398 3418 2476 21,
3478 2397 3682 2462 altera
3723 2398 3872 2462 Dec.
3928 2399 4003 2462 15
4046 2398 4328 2463 celebra-

1030 2503 1285 2567 bantur.
1371 2502 1546 2584 quod
1587 2502 1849 2566 minime
1910 2522 2064 2566 casu
2115 2502 2354 2567 factum
2414 2522 2551 2566 esse
2610 2503 2856 2567 dudum
2910 2503 3163 2568 monuit
3205 2504 3637 2569 Mommsenus
3697 2505 3765 2569 C.
3810 2506 3854 2568 I.
3900 2505 3970 2570 L.
4012 2505 4038 2570 Ι
4094 2526 4156 2588 p.
4201 2507 4326 2570 400

1031 2609 1194 2673 haec
1236 2608 1585 2673 adnotans:
1647 2610 1875 2673 scilicet
1919 2608 2164 2673 Consus
2208 2616 2297 2673 est
2338 2609 2495 2674 deus
2538 2610 2881 2690 condendi,
2927 2610 2997 2674 id
3043 2618 3132 2674 est
3167 2612 3393 2675 messis
3433 2610 3953 2698 hom-eorumque,
3999 2613 4168 2677 unde
4205 2635 4329 2677 ara

1034 2717 1171 2782 eius
1207 2718 1401 2781 latere
1421 2718 1571 2781 solet
1607 2716 1723 2780 sub
1765 2722 1942 2781 terra
1974 2716 2317 2781 secundum
2356 2718 2866 2798 antiquissimam
2899 2717 3166 2800 fruqum
3193 2719 3286 2782 ita
3320 2718 3783 2782 condendorum
3821 2719 4329 2783 consuetudinem

1031 2844 1144 2888 nec
1174 2824 1307 2887 nis-i
1356 2821 1538 2905 festis
1582 2824 1716 2887 eius
1757 2822 1979 2887 diebus
2036 2825 2359 2907 aperitum
2420 2823 2548 2907 Ops
2609 2830 2817 2888 autem
2872 2825 3150 2888 consivia
3193 2833 3367 2889 terra
3411 2831 3528 2901 est,
3587 2827 3690 2890 cui
3734 2828 3986 2910 ,qratia-e
4046 2830 4329 2908 aquantur

1034 2931 1241 2996 eodem
1274 2935 1548 3011 tempore
1578 2950 1705 3014 pro
1745 2931 2087 2995 seminibus
2131 2933 2402 3013 acceptis
2443 2938 2502 2996 et
2555 2951 2697 2996 cum
2733 2930 2954 3013 fructu
2997 2931 3326 2996 restitutis.
3410 2932 3521 2996 ubi
3552 2936 3626 2996 ut
3651 2932 3978 2997 verissime
4009 2931 4197 2996 Consi
4225 2931 4328 2995 dei

1034 3036 1279 3101 indoles
1320 3035 1636 3118 explicata
1686 3040 1809 3114 est,
1870 3037 1952 3100 de
2009 3056 2140 3119 qua
2194 3038 2286 3102 ita
2341 3038 2820 3102 caecutiverunt
2864 3038 3268 3119 grammatici
3326 3043 3572 3103 veteres
3589 3088 3604 3117 ‚
3667 3043 3738 3103 ut
3797 3039 4076 3104 eundem
4134 3042 4329 3122 atque

1035 3144 1424 3210 Graecorum
1481 3142 1854 3224 Neptunum
1919 3143 2111 3208 deum
2178 3164 2313 3209 esse
2390 3144 2811 3209 adfirmarent
2868 3144 3051 3225 (vide
3108 3165 3275 3228 quae
3333 3146 3619 3227 congessi
3692 3146 3868 3227 apud
3925 3145 4328 3211 Roscherum

1034 3251 1213 3315 lexic.
1257 3250 1522 3332 mythol.
1565 3249 1593 3313 l
1633 3271 1696 3331 p.
1739 3248 1884 3331 926)
1905 3300 1919 3328 ‚
1978 3251 2068 3314 ita
2109 3250 2317 3332 Opem
2358 3255 2600 3316 terram
2658 3271 2795 3315 esse
2850 3271 3018 3334 quae
3074 3271 3294 3315 semen
3346 3252 3612 3334 recipiat
3664 3252 3937 3335 ideoque
3979 3253 4330 3318 consiviam

1036 3357 1296 3434 dictam,
1338 3356 1463 3421 hoc
1504 3360 1599 3421 est
1640 3376 1810 3439 quae
1852 3361 2240 3436 conseratur,
2285 3359 2611 3441 praefacte
2653 3379 2835 3440 nego.
2924 3359 3243 3423 consiviae
3270 3359 3442 3423 enim
3482 3379 3839 3441 cognomen
3880 3380 3921 3424 a
3957 3361 4331 3425 conserendi

1036 3464 1234 3529 verbo
1278 3463 1559 3528 alienum
1606 3483 1742 3528 esse
1784 3465 2034 3546 egregie
2079 3465 2542 3529 demonstravit
2583 3465 2901 3530 Jordanus
2945 3465 3189 3547 (Herm.
3234 3466 3350 3530 XV
3392 3486 3454 3549 p.
3506 3467 3581 3531 16
3641 3470 3705 3531 et
3765 3467 3940 3548 apud
3982 3467 4333 3532 Prellerum

1037 3570 1240 3654 myth.
1284 3570 1473 3635 Rom.
1515 3570 1569 3635 11
1609 3591 1671 3652 p.
1717 3571 1790 3634 21
1839 3591 1900 3635 n.
1952 3573 1979 3635 1
2027 3576 2090 3636 et
2132 3592 2194 3654 p.
2240 3573 2324 3636 24
2365 3592 2427 3635 n.
2474 3571 2574 3654 2):
2620 3592 2750 3637 non
2795 3573 2966 3637 enim
3010 3573 3354 3637 consivelam
3398 3593 3533 3637 esse
3579 3574 3788 3652 deam,
3836 3574 3949 3637 sed
3992 3576 4332 3654 censivam,

1038 3676 1214 3760 quod
1251 3677 1554 3741 Varronis
1594 3677 1888 3760 Festique
1932 3678 2075 3741 libri
2116 3682 2433 3743 testantur
2452 3728 2467 3755 ,
2514 3714 2593 3722 -—
2635 3679 2825 3744 ferias
2867 3682 3085 3744 autem
3130 3679 3540 3762 Opiconsivia
3585 3715 3666 3723 —
3721 3680 3915 3762 idque
3977 3699 4333 3762 cognomen

1039 3805 1081 3849 a
1120 3784 1457 3867 participio
1503 3803 1729 3848 consus
1770 3784 1997 3848 eadem
2038 3784 2287 3849 ratione
2331 3784 2690 3849 derivatum
2737 3805 2871 3850 esse
2917 3805 3048 3868 qua
3087 3787 3449 3866 indictivuS,
3493 3787 3953 3870 impetrationes,
4002 3787 4331 3870 oblativus,

1038 3892 1198 3956 alias
1238 3911 1428 3955 voces
1469 3891 1868 3973 pontificales
1909 3911 1947 3955 a
1994 3891 2345 3973 participiis
2390 3891 2658 3973 passivis
2700 3893 2910 3957 suffixi
2951 3895 3112 3956 -ivo-
3171 3913 3292 3974 ope
3349 3893 3674 3958 formatas.
3762 3914 3964 3958 unum
4007 3914 4160 3958 vero
4203 3916 4334 3961 non

1038 3998 1202 4063 vidit
1237 3997 1558 4062 Jordanus
1584 3996 1653 4079 ²),
1706 3998 1898 4062 deam
1940 4018 2071 4063 non
2116 4018 2251 4062 esse
2293 4000 2612 4063 consivam
2654 4000 2767 4063 sed
2815 3999 3167 4074 Consivam‚
3215 3999 3337 4065 hoc
3380 4005 3477 4065 est
3517 4021 3647 4065 non
3690 4001 3774 4064 ab
3817 4001 3955 4082 ipso
3997 4003 4334 4085 participio

1041 4106 1280 4170 dictam
1314 4104 1498 4187 quasi
1538 4105 1947 4184 conditivam,
1984 4107 2094 4170 sed
2130 4125 2170 4169 a
2212 4106 2332 4170 deo
2361 4107 2548 4190 quasi
2576 4107 2766 4171 Consi
2796 4107 3152 4188 coniugem,
3194 4126 3326 4170 non
3359 4107 3541 4170 aliter
3568 4111 3763 4189 atque
3796 4108 3860 4170 in
3890 4109 4334 4189 precationum

1042 4211 1430 4276 carminibus
1471 4211 1893 4275 invocabatur
1949 4212 2117 4276 Here
2158 4213 2388 4277 Martia
2448 4217 2564 4277 aut
2619 4213 2796 4295 apud
2838 4213 3113 4277 Umbros
3169 4213 3235 4276 in
3285 4213 3521 4277 tabulis
3574 4213 3854 4294 Iguvinis
3891 4215 4101 4280 Tursa
4141 4217 4331 4292 Iovia,

1041 4318 1264 4383 Cerfus
1304 4318 1587 4396 Martius
1629 4317 1947 4383 Praestita
1969 4319 2197 4383 Cerfia.
2284 4319 2430 4385 vide
2472 4323 2691 4385 autem
2733 4340 2932 4402 quam
2965 4320 3129 4384 bene
3164 4319 3504 4384 conveniat
3543 4320 3664 4384 deo
3698 4322 3921 4385 messis
3960 4320 4335 4386 condendae

1239 4532 1294 4601 2)
1331 4532 1694 4589 conturbavit
1730 4550 1844 4588 rem
1882 4550 1974 4598 eo,
2023 4535 2172 4602 quod
2206 4536 2338 4590 Iani
2366 4537 2597 4590 consinii
2630 4553 2832 4592 nomen
2879 4537 3022 4592 idem
3061 4553 3175 4590 esse
3222 4537 3526 4590 arbitratus
3562 4554 3683 4591 cum
3722 4536 3834 4604 Ope
3872 4536 4186 4602 coniunxit3
4239 4536 4334 4589 sed

1042 4619 1090 4673 is
1125 4619 1259 4674 deus
1294 4620 1440 4688 apud
1478 4619 1882 4674 Tertullianum
1921 4620 1992 4673 ad
2029 4625 2144 4674 nat.
2180 4620 2231 4675 11
2275 4622 2331 4674 ll
2369 4639 2437 4676 ex
2472 4622 2807 4676 auctoritate
2840 4623 3040 4677 codicis
3079 4622 3414 4691 Agobardini
3451 4627 3536 4676 est
3579 4623 3888 4682 consevius.
3933 4621 4016 4675 ita
4048 4626 4113 4676 ut
4146 4623 4335 4692 explo-

1044 4704 1213 4757 datur
1248 4705 1556 4760 Macrobius
1586 4706 1682 4768 19,
1713 4707 1775 4759 15
1813 4723 1890 4775 sq.
1927 4709 2227 4762 consivium
2261 4707 2459 4762 dicens.
2531 4709 2816 4762 consevius
2854 4712 3042 4763 autem
3082 4709 3203 4762 iure
3237 4725 3357 4761 cum
3396 4708 3713 4762 conserendi
3755 4708 3916 4761 verbo
3955 4707 4334 4779 coniungitur:

1044 4790 1276 4846 formam
1313 4790 1459 4845 enim
1497 4792 1822 4856 *consevos‚
1874 4810 1910 4847 a.
1957 4810 2068 4860 qua
2112 4793 2291 4847 suffixi
2345 4796 2450 4847 -io·
2491 4809 2594 4863 ope
2646 4797 2926 4849 consevius
2976 4793 3286 4856 derivatur,
3339 4811 3369 4847 a
3418 4802 3480 4848 εδ
3518 4793 3610 4862 (cf.
3646 4793 3872 4861 samen)
3922 4793 4120 4848 deduci
4175 4794 4336 4850 sicuti

1045 4894 1235 4945 arvos,
1285 4894 1523 4948 pascuas
1569 4877 1639 4931 ab
1685 4881 1927 4945 ‹zv-(arc),
1971 4883 2245 4949 pascar-0)
2295 4878 2469 4933 amice
2524 4898 2610 4934 me
2660 4882 2874 4936 monuit
2922 4882 3094 4936 Fran
3113 4880 3335 4935 ciscus
3366 4878 3676 4944 Skutsch,
3723 4879 3819 4948 qui
3867 4880 4011 4936 idem
4061 4880 4233 4935 etiam
4268 4881 4337 4935 de

1047 4964 1247 5036 Agonii
1286 4969 1346 5019 et
1382 4964 1668 5020 Mulciberi
1705 4965 2118 5031 vocabulorum,
2167 4967 2237 5021 de
2279 4965 2480 5035 quibus
2518 4965 2668 5022 infra
2706 4984 2899 5038 agam,
2954 4967 3166 5036 origine
3206 4983 3294 5021 me
3330 4966 3562 5021 edocuit.

4897 5173 4927 5274 2,...
