4942 6359
2188 533 2245 597 V

569 724 873 805 computo
917 719 1226 801 originem
1273 717 1534 792 ducere,
1596 733 1743 779 cum
1801 713 1852 777 is
1897 713 2006 796 qui
2058 716 2231 777 recte
2287 711 2681 777 meminisset
2738 715 2888 776 ante
2946 711 3215 776 insertos
3269 730 3308 775 a
3352 710 3628 777 Caesare
3667 712 3870 776 mensi

570 827 907 894 Decembri
954 826 1116 890 duos
1175 825 1310 889 dies
1351 822 1866 887 Saturnaliorum
1919 820 2089 884 diem
2148 839 2282 883 non
2336 817 2528 883 fuisse
2571 818 2716 883 XVI
2756 818 2895 882 Kal.
2941 818 3072 882 Ian.
3125 819 3239 883 sed
3274 818 3448 896 XIV,
3511 818 3875 900 neglegeret

569 940 708 1000 turn
753 954 834 998 ne
878 932 1107 1016 Opalia
1152 931 1412 1015 quidem
1457 929 1683 994 eodem
1730 948 1860 1012 quo
1919 932 2061 1009 post
2107 926 2451 992 Caesarem
2497 926 2627 1003 die,
2694 925 2758 989 id
2813 928 2911 990 est
2953 925 3096 990 XIV
3131 927 3270 991 Kal.
3309 926 3463 1004 Ian„
3524 929 3673 991 acta
3715 946 3870 1007 esse,

570 1042 685 1107 sed
718 1041 831 1106 XII
851 1092 866 1119 ,
912 1041 1002 1105 ita
1045 1044 1118 1104 ut
1160 1039 1332 1103 idem
1374 1037 1676 1102 seriarum
1722 1035 2127 1100 interstitium
2174 1038 2237 1097 et
2280 1037 2431 1097 ante
2476 1032 2818 1098 Caesarem
2862 1037 2927 1097 et
2969 1037 3114 1115 post
3154 1034 3353 1099 fastos
3394 1039 3712 1100 correctos
3757 1036 3873 1100 ob-

571 1154 895 1214 servatum
940 1147 1052 1222 sit;
1100 1147 1336 1210 scimus
1379 1145 1547 1209 enim
1592 1162 1790 1227 quam
1828 1142 2016 1207 anxie
2059 1142 2125 1205 in
2163 1139 2466 1204 novanda
2512 1140 2663 1205 anni
2708 1141 3159 1205 constitutione
3201 1141 3439 1207 Caesar
3474 1144 3745 1223 caverit,
3790 1163 3873 1207 ne

571 1256 872 1320 seriarum
915 1253 1073 1318 ordo
1112 1253 1177 1316 in
1224 1252 1487 1334 singulis
1528 1250 1854 1314 mensibus
1896 1247 2281 1313 turbaretur.
2368 1247 2607 1311 corruit
2636 1247 2828 1329 igitur
2857 1248 3164 1331 quicquid
3192 1254 3438 1314 veteres
3468 1250 3873 1330 grammatici

568 1362 873 1446 adferunt
889 1410 903 1438 ,
962 1379 1092 1442 quo
1135 1360 1482 1424 Saturnum
1529 1356 1864 1439 Opemque
1906 1354 2258 1437 antiquitus
2294 1354 2547 1418 Romae
2604 1354 2978 1418 coniunctos
3032 1355 3224 1419 fuisse
3267 1355 3722 1422 demonstrent.
3807 1361 3877 1422 at

577 1468 703 1534 alia
738 1467 1121 1532 recentiores
1163 1465 1565 1530 addiderunt.
1653 1463 1976 1528 advocant
2015 1460 2304 1544 inprimis
2336 1460 2817 1542 inscriptionem
2849 1461 3088 1525 vasculi
3118 1461 3319 1543 figlini
3350 1482 3407 1527 a.
3439 1465 3598 1528 1880
3622 1464 3875 1530 Romae

576 1576 642 1639 in
686 1573 978 1657 Esquiliis
1019 1572 1253 1654 reperti
1295 1570 1812 1646 vetustissimam,
1860 1569 1925 1632 in
1970 1587 2099 1651 qua
2145 1567 2526 1650 explicanda
2568 1567 3045 1633 desudaverunt
3085 1568 3165 1632 H.
3195 1569 3462 1646 Dressel,
3506 1571 3586 1635 H.
3612 1571 3872 1650 Jordan,

579 1681 645 1745 F.
679 1680 1049 1756 Buecheler,
1095 1678 1216 1743 Th.
1248 1676 1474 1758 Bergk,
1519 1677 1626 1741 alii
1668 1676 1870 1752 multi,
1922 1695 2086 1758 quos
2122 1678 2458 1739 enumerat
2499 1674 2917 1754 Engelbertus
2957 1674 3308 1740 Schneider
3353 1675 3639 1756 (Dialect.
3681 1678 3871 1744 italic.

583 1787 876 1869 exempla
919 1786 1152 1851 selecta
1192 1786 1218 1849 I
1257 1804 1320 1849 n.
1372 1783 1506 1866 19):
1565 1783 1773 1848 maior
1814 1783 1982 1847 enim
2028 1782 2448 1864 interpretum
2496 1801 2647 1863 pars
2694 1781 2758 1845 in
2800 1801 2876 1846 eo
2925 1783 3269 1860 consentit,
3314 1782 3445 1848 Iovi
3487 1789 3553 1850 et
3596 1786 3875 1853 Saturno

580 1894 913 1958 vasculum
978 1891 1262 1957 dedicari
1319 1889 1589 1973 (primas
1650 1890 1822 1954 enim
1878 1889 2302 1972 inscriptionis
2365 1889 2608 1954 litteras
2671 1892 3268 1949 IOVEISATDEIVOS
3328 1892 3686 1974 significare
3737 1893 3876 1959 Iovi

580 2001 863 2067 Saturno
899 1999 1088 2080 divis)
1150 2004 1214 2064 et
1268 2003 1603 2081 praeterea
1639 1997 1720 2062 de
1761 1996 2015 2080 piaculo
2059 1995 2182 2077 Opi
2225 1995 2544 2063 Toitesiae
2604 1998 2822 2062 dando
2877 2019 3238 2064 sermonem
3297 2020 3433 2065 esse
3452 2051 3466 2079 ,
3528 2002 3616 2066 ita
3658 2005 3729 2065 ut
3770 2002 3875 2066 hic

579 2127 839 2191 quoque
869 2107 1185 2171 Saturnus
1216 2110 1280 2170 et
1309 2104 1444 2187 Ops
1481 2124 1610 2168 una
1651 2103 1955 2168 advocari
1986 2102 2344 2167 videantur.
2425 2123 2652 2168 verum
2682 2124 2830 2169 cum
2865 2107 2930 2169 in
2963 2107 3232 2171 lectione
3261 2110 3325 2172 et
3354 2108 3876 2191 interpretatione

578 2215 742 2280 tituli
786 2214 1238 2279 intricatissimi
1287 2215 1542 2277 tantum
1584 2231 1714 2276 non
1764 2211 1982 2275 omnia
2019 2209 2264 2274 incerta
2317 2209 2477 2287 sint,
2543 2215 2615 2275 ut
2659 2211 2739 2275 de
2782 2211 2921 2294 Ope
2961 2213 3241 2279 Toitesia
3283 2235 3456 2279 nunc
3501 2217 3873 2297 concedam,

576 2341 735 2385 num
794 2341 865 2385 re
910 2340 1063 2385 vera
1121 2320 1381 2385 Saturni
1439 2318 1678 2382 mentio
1735 2317 1884 2382 insit
1938 2316 2112 2380 omni
2166 2315 2362 2380 modo
2424 2317 2851 2382 dubitandum
2909 2319 3195 2385 videtur:
3268 2322 3641 2403 gravissime
3705 2325 3876 2388 enim

580 2429 844 2493 offendit
887 2447 1035 2492 cum
1081 2426 1444 2492 coniunctio
1488 2426 1753 2490 deorum
1794 2423 2025 2507 quibus
2069 2421 2309 2487 donum
2347 2424 2561 2488 offerri
2603 2425 2834 2490 dicitur
2875 2427 3038 2491 lovis
3083 2431 3147 2492 et
3191 2428 3470 2504 Saturni,
3508 2433 3647 2494 tum
3688 2431 3879 2495 huius

583 2535 683 2600 dei
728 2554 966 2600 nomen
1009 2554 1125 2618 per
1167 2533 1490 2597 insolitum
1522 2533 1976 2614 compendium
2010 2535 2144 2590 SAT
2180 2531 2485 2613 scriptum
2532 2532 2595 2596 in
2634 2533 3061 2616 inscriptione,
3107 2534 3287 2599 cuius
3314 2536 3532 2600 omnia
3558 2537 3877 2602 vocabula

580 2644 784 2727 plenis
836 2643 1057 2707 litteris
1114 2646 1378 2705 exarata
1432 2640 1747 2721 leguntur.
1848 2640 1960 2704 sed
2018 2639 2212 2704 etiam
2267 2638 2388 2703 hoc
2461 2639 2825 2704 testimonio
2880 2642 3082 2705 careri
3138 2647 3353 2723 posset
3401 2647 3466 2707 et
3526 2645 3733 2708 omnis
3796 2645 3875 2708 de

582 2751 842 2816 Saturni
887 2749 1169 2832 Opisque
1212 2749 1507 2829 coniugio
1549 2748 1864 2812 dubitatio
1907 2749 2331 2820 evanesceret,
2373 2746 2425 2810 si
2468 2766 2538 2811 re
2575 2767 2727 2811 vera
2761 2747 3061 2830 Opalium
3107 2749 3209 2813 die
3253 2751 3412 2815 festo
3446 2750 3568 2833 Opi
3611 2753 3678 2814 in
3715 2751 3875 2815 aede

582 2858 841 2923 Saturni
887 2856 1319 2921 sacrificatum
1364 2874 1500 2919 esse
1541 2858 1863 2919 constaret
1905 2854 2005 2918 vel
2049 2853 2212 2918 adeo
2230 2905 2246 2934 ‚
2304 2875 2474 2937 quae
2529 2860 2626 2919 est
2670 2854 2921 2920 Ottonis
2968 2855 3230 2921 Gilberti
3271 2858 3588 2922 sententia
3630 2857 3875 2940 (Gesch.

580 2965 718 3030 und
765 2964 1033 3045 Topoyr.
1077 2963 1192 3028 der
1238 2961 1427 3026 Stadt
1471 2960 1633 3026 Rom
1676 2962 1701 3025 I
1744 2982 1806 3044 p.
1842 2959 1988 3042 247)
2008 3010 2023 3037 ‚
2084 2965 2337 3026 vetusta
2398 2981 2514 3026 ara
2575 2962 2835 3026 Saturni
2895 2962 2960 3026 in
3021 2963 3345 3027 radicibus
3403 2963 3698 3045 Capitolii
3756 2965 3879 3029 sita

584 3071 938 3154 antiquitus
966 3071 1246 3135 Saturno
1290 3074 1355 3134 et
1379 3068 1502 3150 Opi
1546 3073 1802 3133 sacrata
1843 3068 2079 3132 fuisset.
2164 3088 2318 3133 nam
2350 3088 2499 3133 cum
2534 3073 2727 3133 antea
2758 3089 2837 3133 ex
2863 3070 3245 3134 auctoritate
3273 3070 3439 3134 tituli
3470 3091 3511 3134 a
3544 3071 3879 3136 Leonardo

583 3178 1001 3243 Gutenstenio
1062 3176 1347 3253 conficti,
1408 3176 1521 3259 qui
1579 3196 1753 3241 nunc
1808 3180 1903 3240 est
1945 3176 2014 3239 C.
2071 3175 2114 3239 Ι.
2174 3176 2242 3240 L.
2287 3175 2369 3239 VI
2424 3175 2665 3254 3240*‚
2725 3176 2916 3241 aedes
2973 3176 3234 3241 Saturni
3294 3178 3549 3260 proprie
3604 3176 3759 3260 Opis
3816 3182 3881 3243 et

584 3286 843 3350 Saturni
887 3285 1140 3350 audisse
1183 3288 1412 3367 putata
1455 3284 1566 3362 sit,
1624 3303 1798 3347 nunc
1841 3283 2006 3347 tituli
2048 3282 2272 3347 fraude
2315 3282 2569 3347 detecta
2607 3287 2809 3347 restat
2849 3284 3285 3348 testimonium
3346 3285 3657 3349 fastorum
3698 3285 3878 3349 Ami-

583 3392 980 3457 terninorum
1000 3441 1015 3468 ‚
1077 3391 1143 3455 in
1185 3391 1418 3473 quibus
1469 3391 1556 3454 ad
1612 3389 1780 3453 diem
1823 3391 1970 3454 Dec.
2023 3391 2097 3454 19
2154 3391 2535 3454 adnotatum
2588 3390 2884 3472 legimus:
2950 3390 3343 3473 OPAL(ia).
3404 3391 3677 3471 fer-(iae)
3736 3391 3879 3477 Opi.

589 3497 712 3579 Opi
773 3497 861 3562 ad
914 3497 1133 3580 forum
1144 3520 1172 3578 ,·
1237 3515 1404 3579 quae
1466 3496 1665 3560 verba
1721 3497 1811 3560 ita
1867 3495 2320 3577 interpretatur
2370 3496 2691 3561 Jordanus
2754 3496 3045 3580 (Ephem.
3109 3499 3304 3581 epigr.
3361 3500 3442 3563 ΙΠ
3496 3520 3560 3582 p.
3606 3499 3744 3580 72),
3809 3504 3883 3565 ut

585 3605 864 3669 Saturno
909 3609 973 3667 et
1014 3603 1137 3686 Opi
1181 3603 1409 3668 eadem
1452 3603 1700 3667 ratione
1744 3602 1827 3667 ad
1871 3602 2130 3666 Saturni
2183 3603 2410 3667 aedem
2466 3604 2898 3668 sacrificatmn
2942 3606 3054 3682 sit,
3112 3625 3242 3688 qua
3287 3605 3500 3670 Cereri
3538 3609 3602 3670 et
3642 3606 3880 3671 Telluri

585 3712 671 3777 ad
713 3711 1002 3788 TelluriS,
1046 3711 1175 3776 Soli
1219 3715 1284 3776 et
1325 3711 1545 3775 Lunae
1587 3710 1674 3774 ad
1707 3710 1926 3773 Lunae
1966 3709 2104 3773 fieri
2140 3709 2459 3786 videmus3
2505 3730 2907 3793 quamquam
2949 3715 3174 3793 postea
3219 3710 3425 3793 (Rem.
3469 3713 3734 3796 Topoyr.
3767 3714 3796 3777 Ι
3840 3713 3880 3776 2

585 3838 647 3901 p.
693 3820 807 3884 197
861 3839 925 3883 n.
974 3820 1052 3884 37
1110 3823 1174 3883 et
1228 3838 1290 3900 p.
1337 3818 1458 3883 365
1509 3837 1573 3880 n.
1621 3815 1726 3898 73)
1790 3817 2157 3899 opinionem
2218 3836 2403 3881 suam
2456 3817 2926 3898 Mommsenum
2981 3818 3273 3901 (Ephem.
3333 3819 3530 3902 epigr.
3585 3820 3614 3883 Ι
3665 3839 3728 3902 p.
3775 3818 3879 3900 37)

585 3930 841 3991 secutus
883 3926 974 3991 ita
1014 3925 1409 4002 immutavit,
1468 3929 1541 3989 ut
1580 3923 1704 3988 hoc
1747 3923 2131 3988 sacrificium
2171 3923 2296 4007 Opi
2338 3926 2408 3987 in
2447 3924 2593 4007 foro
2635 3923 2879 3989 factum
2937 3944 3067 3989 non
3112 3925 3264 3989 alibi
3308 3926 3702 3990 celebratum
3746 3944 3882 3990 esse

582 4032 1015 4115 suspicaretur
1061 4034 1257 4114 atque
1299 4031 1570 4096 alterum
1595 4079 1610 4107 ,
1661 4031 1836 4113 quod
1877 4030 2357 4114 Opiconsivium
2399 4030 2570 4095 feriis
2609 4030 2735 4095 hoc
2776 4035 2871 4096 est
2928 4032 3030 4096 die
3073 4032 3239 4114 Aug.
3288 4033 3368 4096 25
3417 4034 3486 4096 in
3531 4033 3707 4117 reyia
3745 4032 3882 4096 fieri

583 4143 648 4203 et
690 4121 1193 4219 hemerologium
1241 4138 1512 4202 fratrum
1557 4137 1891 4202 Arvalium
1948 4140 2011 4201 et
2053 4136 2257 4201 Varro
2315 4135 2420 4217 (de
2463 4137 2503 4201 l.
2549 4138 2587 4201 l.
2634 4137 2717 4201 VI
2760 4136 2866 4219 21)
2932 4143 3227 4203 auctores
3269 4143 3435 4203 sunt.
3524 4142 3592 4203 at
3637 4144 3884 4203 utram-

584 4265 713 4327 que
753 4244 1016 4309 Jordani
1074 4245 1457 4308 sententiam
1514 4244 1679 4308 bene
1739 4243 2039 4307 refutavit
2092 4243 2400 4308 Aemilius
2453 4244 2620 4309 Aust
2669 4248 2888 4309 noster
2945 4245 3051 4327 (de
3110 4244 3378 4309 aedibus
3420 4246 3618 4309 sacris
3658 4245 3879 4328 populi

584 4350 866 4415 Romani
910 4371 972 4432 p.
1018 4351 1101 4414 40
1144 4349 1265 4432 sq.)
1306 4355 1531 4415 contra
1571 4351 1852 4432 priorem
1894 4349 2019 4414 hoc
2063 4349 2353 4431 inprimis
2394 4371 2697 4429 monenS,
2753 4351 2929 4416 nulla
2971 4352 3219 4416 ratione
3263 4351 3398 4416 fieri
3441 4352 3754 4433 potuisse,
3813 4357 3885 4417 ut

586 4478 664 4522 ex
707 4457 827 4521 diis
884 4477 1015 4521 uno
1062 4457 1329 4522 delubro
1387 4457 1773 4535 coniunctiS‚
1830 4456 2050 4539 quales
2095 4456 2446 4521 Saturnum
2488 4456 2824 4541 Opemque
2880 4457 3073 4522 fuisse
3130 4459 3447 4523 Jordanus
3504 4460 3882 4536 autumavit,

585 4564 969 4629 sacrificium
1000 4583 1132 4629 non
1158 4563 1380 4646 templi
1409 4583 1736 4646 possessor
1770 4563 1883 4628 sed
1913 4562 2051 4628 sola
2081 4560 2359 4635 σύνναυς
2394 4563 2518 4628 dea
2557 4565 2894 4647 acciperet,
2939 4569 3163 4630 contra
3196 4567 3469 4631 alteram
3500 4567 3566 4630 in
3595 4566 3886 4631 sollemni

588 4670 898 4735 fastorum
940 4689 1234 4735 sermone
1278 4690 1602 4753 nusquam
1629 4670 1829 4735 verba
1861 4673 1933 4734 in
1961 4670 2106 4753 foro
2141 4672 2205 4734 et
2246 4671 2315 4734 in
2354 4672 2533 4752 reqia
2565 4672 2925 4754 promiscue
2958 4673 3255 4755 usurpari
3285 4673 3601 4755 potuisse;
3646 4672 3885 4737 addere

589 4780 842 4857 poterat
880 4777 1043 4842 haec
1086 4777 1399 4842 sacrificia
1417 4827 1432 4854 ,
1496 4777 1714 4860 qualia
1756 4776 1820 4840 in
1871 4776 2318 4858 hemerologiis
2357 4797 2475 4859 per
2517 4778 2782 4842 nomina
2826 4779 3095 4844 deorum
3144 4781 3332 4845 tertio
3377 4799 3531 4845 casu
3584 4798 3885 4861 expressa

591 4881 812 4947 addito
874 4883 1166 4949 sacrificii
1221 4885 1362 4948 loco
1417 4884 1842 4961 adnotantur,
1901 4884 2120 4948 omnia
2177 4883 2263 4948 ad
2318 4883 2649 4948 dedicatas
2704 4885 2953 4950 aedes
3006 4905 3284 4950 sacras
3342 4890 3668 4968 spectare,
3731 4887 3885 4952 illud

593 4992 813 5054 autem
858 4990 1209 5054 sacrarium
1254 4991 1469 5073 regiae
1526 4990 1691 5055 inter
1741 4990 1934 5055 aedes
1975 5009 2192 5054 sacras
2232 5010 2363 5055 non
2406 4990 2617 5055 fuisse.
2703 4992 2918 5074 itaque
2961 4992 3049 5056 nil
3091 4997 3321 5072 restat,
3379 4993 3499 5057 nisi
3544 4998 3618 5058 ut
3657 4994 3887 5058 aedem
